@article{aki1969analysis,
    author = "Aki, Keiiti",
    title = "Analysis of the seismic coda of local earthquakes as scattered waves",
    journal = "Journal of geophysical research",
    volume = "74",
    number = "2",
    pages = "615--631",
    year = "1969",
    publisher = "Wiley Online Library"
}

@article{iritani_intricate_2014,
    author = "Iritani, R. and Takeuchi, N. and Kawakatsu, H.",
    title = "Intricate heterogeneous structures of the top 300km of the Earth’s inner core inferred from global array data: I. Regional 1D attenuation and velocity profiles",
    volume = "230",
    issn = "0031-9201",
    doi = "10.1016/j.pepi.2014.02.002",
    shorttitle = "Intricate heterogeneous structures of the top 300km of the Earth’s inner core inferred from global array data",
    pages = "15--27",
    journaltitle = "Physics of the Earth and Planetary Interiors",
    shortjournal = "Physics of the Earth and Planetary Interiors",
    date = "2014-05"
}

@article{gubbins_melting_2011,
    author = "Gubbins, David and Sreenivasan, Binod and Mound, Jon and Rost, Sebastian",
    title = "Melting of the Earth’s inner core",
    volume = "473",
    issn = "0028-0836, 1476-4687",
    doi = "10.1038/nature10068",
    pages = "361--363",
    number = "7347",
    journaltitle = "Nature",
    shortjournal = "Nature",
    date = "2011-05"
}

@book{cerveny_seismic_2005,
    author = "Cerveny, V.",
    title = "Seismic Ray Theory",
    isbn = "978-0-521-01822-7",
    pagetotal = "723",
    publisher = "Cambridge University Press",
    date = "2005-09"
}

@article{rawlinson_rapid_2004,
    author = "Rawlinson, N. and Kennett, B. L. N.",
    title = "Rapid estimation of relative and absolute delay times across a network by adaptive stacking",
    volume = "157",
    issn = "0956-540X",
    doi = "10.1111/j.1365-246X.2004.02188.x",
    pages = "332--340",
    number = "1",
    journaltitle = "Geophysical Journal International",
    shortjournal = "Geophys J Int",
    date = "2004-04"
}

@article{buland_computation_1983,
    author = "Buland, Ray and Chapman, C. H.",
    title = "The computation of seismic travel times",
    volume = "73",
    issn = "0037-1106",
    pages = "1271--1302",
    number = "5",
    journaltitle = "Bulletin of the Seismological Society of America",
    shortjournal = "Bulletin of the Seismological Society of America",
    date = "1983-10"
}

@article{yee_regionally_2014,
    author = "Yee, Tae-Gyu and Rhie, Junkee and Tkalčić, Hrvoje",
    title = "Regionally heterogeneous uppermost inner core observed with Hi-net array",
    volume = "119",
    issn = "2169-9356",
    doi = "10.1002/2014JB011341",
    pages = "7823--7845",
    number = "10",
    journaltitle = "Journal of Geophysical Research: Solid Earth",
    date = "2014"
}

@article{sager_global-scale_2020,
    author = "Sager, Korbinian and Boehm, Christian and Ermert, Laura and Krischer, Lion and Fichtner, Andreas",
    title = "Global-scale full-waveform ambient noise inversion",
    volume = "125",
    issn = "2169-9356",
    doi = "10.1029/2019JB018644",
    pages = "e2019JB018644",
    number = "4",
    journaltitle = "Journal of Geophysical Research: Solid Earth",
    date = "2020"
}

@article{tkalcic_earths_2020,
    author = "Tkalčić, Hrvoje and Phạm, Thanh-Son and Wang, Sheng",
    title = "The Earth's coda correlation wavefield: rise of the new paradigm and recent advances",
    volume = "208",
    issn = "0012-8252",
    doi = "10.1016/j.earscirev.2020.103285",
    shorttitle = "The Earth's coda correlation wavefield",
    pages = "103285",
    journaltitle = "Earth-Science Reviews",
    shortjournal = "Earth-Science Reviews",
    date = "2020-09"
}

@article{nishida_global_2013,
    author = "Nishida, K.",
    title = "Global propagation of body waves revealed by cross-correlation analysis of seismic hum",
    volume = "40",
    rights = "©2013. American Geophysical Union. All Rights Reserved.",
    issn = "1944-8007",
    doi = "https://doi.org/10.1002/grl.50269",
    pages = "1691--1696",
    number = "9",
    journaltitle = "Geophysical Research Letters",
    date = "2013"
}

@article{poli_body-wave_2012,
    author = "Poli, P. and Campillo, M. and Pedersen, H. and Group, {LAPNET} Working",
    title = "Body-wave imaging of Earth’s mantle discontinuities from ambient seismic noise",
    volume = "338",
    rights = "Copyright © 2012, American Association for the Advancement of Science",
    issn = "0036-8075, 1095-9203",
    doi = "10.1126/science.1228194",
    pages = "1063--1065",
    number = "6110",
    journaltitle = "Science",
    date = "2012-11",
    pmid = "23180858"
}

@article{romanowicz_seismic_2016,
    author = "Romanowicz, Barbara and Cao, Aimin and Godwal, Budhiram and Wenk, Rudy and Ventosa, Sergi and Jeanloz, Raymond",
    title = "Seismic anisotropy in the Earth's innermost inner core: Testing structural models against mineral physics predictions",
    volume = "43",
    rights = "©2015. American Geophysical Union. All Rights Reserved.",
    issn = "1944-8007",
    doi = "https://doi.org/10.1002/2015GL066734",
    shorttitle = "Seismic anisotropy in the Earth's innermost inner core",
    pages = "93--100",
    number = "1",
    journaltitle = "Geophysical Research Letters",
    date = "2016"
}

@article{wookey_inner-core_2008,
    author = "Wookey, James and Helffrich, George",
    title = "Inner-core shear-wave anisotropy and texture from an observation of {PKJKP} waves",
    volume = "454",
    rights = "2008 Macmillan Publishers Limited. All rights reserved",
    issn = "1476-4687",
    doi = "10.1038/nature07131",
    pages = "873--876",
    number = "7206",
    journaltitle = "Nature",
    date = "2008-08"
}

@article{deguen_structure_2012,
    author = "Deguen, Renaud",
    title = "Structure and dynamics of Earth's inner core",
    volume = "333-334",
    issn = "0012-821X",
    doi = "10.1016/j.epsl.2012.04.038",
    pages = "211--225",
    journaltitle = "Earth and Planetary Science Letters",
    shortjournal = "Earth and Planetary Science Letters",
    date = "2012-06"
}

@article{deuss_heterogeneity_2014,
    author = "Deuss, Arwen",
    title = "Heterogeneity and Anisotropy of Earth's Inner Core",
    volume = "42",
    doi = "10.1146/annurev-earth-060313-054658",
    pages = "103--126",
    number = "1",
    journaltitle = "Annual Review of Earth and Planetary Sciences",
    date = "2014"
}

@article{mattesini_hemispherical_2010,
    author = "Mattesini, Maurizio and Belonoshko, Anatoly B. and Buforn, Elisa and Ramírez, María and Simak, Sergei I. and Udías, Agustín and Mao, Ho-Kwang and Ahuja, Rajeev",
    title = "Hemispherical anisotropic patterns of the Earth’s inner core",
    volume = "107",
    issn = "0027-8424, 1091-6490",
    doi = "10.1073/pnas.1004856107",
    pages = "9507--9512",
    number = "21",
    journaltitle = "Proceedings of the National Academy of Sciences",
    shortjournal = "{PNAS}",
    date = "2010-05",
    pmid = "20457937"
}

@article{tkalcic_complex_2015,
    author = "Tkalčić, Hrvoje",
    title = "Complex inner core of the Earth: The last frontier of global seismology",
    volume = "53",
    rights = "©2015. The Authors.",
    issn = "1944-9208",
    doi = "https://doi.org/10.1002/2014RG000469",
    shorttitle = "Complex inner core of the Earth",
    pages = "59--94",
    number = "1",
    journaltitle = "Reviews of Geophysics",
    date = "2015"
}

@article{attanayake_uppermost_2014,
    author = "Attanayake, Januka and Cormier, Vernon F. and de Silva, Susini M.",
    title = "Uppermost inner core seismic structure – new insights from body waveform inversion",
    volume = "385",
    issn = "0012-821X",
    doi = "10.1016/j.epsl.2013.10.025",
    pages = "49--58",
    journaltitle = "Earth and Planetary Science Letters",
    shortjournal = "Earth and Planetary Science Letters",
    date = "2014-01"
}

@article{mattesini_candy_2013,
    author = "Mattesini, M. and Belonoshko, A. B. and Tkalčić, H. and Buforn, E. and Udías, A. and Ahuja, R.",
    title = "Candy Wrapper for the Earth's Inner Core",
    volume = "3",
    rights = "2013 The Author(s)",
    issn = "2045-2322",
    doi = "10.1038/srep02096",
    pages = "2096",
    number = "1",
    journaltitle = "Scientific Reports",
    date = "2013-06"
}

@article{shearer_visibility_2011,
    author = "Shearer, Peter M. and Rychert, Catherine A. and Liu, Qinya",
    title = "On the visibility of the inner-core shear wave phase {PKJKP} at long periods",
    volume = "185",
    issn = "0956-540X",
    doi = "10.1111/j.1365-246X.2011.05011.x",
    pages = "1379--1383",
    number = "3",
    journaltitle = "Geophysical Journal International",
    shortjournal = "Geophys J Int",
    date = "2011-06"
}

@article{lin_shear_2010,
    author = "Lin, Jung-Fu and Mao, Zhu and Yavaş, Hasan and Zhao, Jiyong and Dubrovinsky, Leonid",
    title = "Shear wave anisotropy of textured hcp-Fe in the Earth's inner core",
    volume = "298",
    issn = "0012-821X",
    doi = "10.1016/j.epsl.2010.08.006",
    pages = "361--366",
    number = "3",
    journaltitle = "Earth and Planetary Science Letters",
    shortjournal = "Earth and Planetary Science Letters",
    date = "2010-10"
}

@article{cao_constraints_2009,
    author = "Cao, A. and Romanowicz, B.",
    title = "Constraints on shear wave attenuation in the Earth's inner core from an observation of {PKJKP}",
    volume = "36",
    rights = "Copyright 2009 by the American Geophysical Union.",
    issn = "1944-8007",
    doi = "https://doi.org/10.1029/2009GL038342",
    number = "9",
    journaltitle = "Geophysical Research Letters",
    date = "2009"
}

@article{waszek_observations_2015,
    author = "Waszek, Lauren and Deuss, Arwen",
    title = "Observations of exotic inner core waves",
    volume = "200",
    issn = "0956-540X",
    doi = "10.1093/gji/ggu497",
    pages = "1636--1650",
    number = "3",
    journaltitle = "Geophysical Journal International",
    shortjournal = "Geophysical Journal International",
    date = "2015-03"
}

@article{talavera-soza_constraining_2020,
    author = "Talavera-Soza, S and Deuss, A",
    title = "Constraining 1-D inner core attenuation through measurements of strongly coupled normal mode pairs",
    volume = "223",
    issn = "0956-540X",
    doi = "10.1093/gji/ggaa324",
    pages = "612--621",
    number = "1",
    journaltitle = "Geophysical Journal International",
    shortjournal = "Geophysical Journal International",
    date = "2020-09"
}

@article{steinle-neumann_elasticity_2001,
    author = "Steinle-Neumann, Gerd and Stixrude, Lars and Cohen, R. E. and Gülseren, Oguz",
    title = "Elasticity of iron at the temperature of the Earth's inner core",
    volume = "413",
    rights = "2001 Macmillan Magazines Ltd.",
    issn = "1476-4687",
    doi = "10.1038/35092536",
    pages = "57--60",
    number = "6851",
    journaltitle = "Nature",
    date = "2001-09"
}

@article{cao_observation_2005,
    author = "Cao, Aimin and Romanowicz, Barbara and Takeuchi, Nozomu",
    title = "An Observation of {PKJKP}: Inferences on Inner Core Shear Properties",
    volume = "308",
    rights = "American Association for the Advancement of Science",
    issn = "0036-8075, 1095-9203",
    doi = "10.1126/science.1109134",
    shorttitle = "An Observation of {PKJKP}",
    pages = "1453--1455",
    number = "5727",
    journaltitle = "Science",
    date = "2005-06",
    pmid = "15831719"
}

@article{tkalcic_shear_2018,
    author = "Tkalčić, Hrvoje and Phạm, Thanh-Son",
    title = "Shear properties of Earth’s inner core constrained by a detection of J waves in global correlation wavefield",
    volume = "362",
    rights = "Copyright © 2018 The Authors, some rights reserved; exclusive licensee American Association for the Advancement of Science. No claim to original U.S. Government Works. http://www.sciencemag.org/about/science-licenses-journal-article-{reuseThis} is an article distributed under the terms of the Science Journals Default License.",
    issn = "0036-8075, 1095-9203",
    doi = "10.1126/science.aau7649",
    pages = "329--332",
    number = "6412",
    journaltitle = "Science",
    date = "2018-10",
    pmid = "30337407"
}

@article{anderson_attenuation_1978,
    author = "Anderson, Don L. and Hart, R.S.",
    title = "Attenuation models of the earth",
    volume = "16",
    issn = "00319201",
    doi = "10.1016/0031-9201(78)90068-7",
    pages = "289--306",
    number = "4",
    journaltitle = "Physics of the Earth and Planetary Interiors",
    shortjournal = "Physics of the Earth and Planetary Interiors",
    date = "1978-05"
}

@article{vallee_new_2016,
    author = "Vallée, Martin and Douet, Vincent",
    title = "A new database of source time functions ({STFs}) extracted from the {SCARDEC} method",
    volume = "257",
    issn = "00319201",
    doi = "10.1016/j.pepi.2016.05.012",
    pages = "149--157",
    journaltitle = "Physics of the Earth and Planetary Interiors",
    shortjournal = "Physics of the Earth and Planetary Interiors",
    date = "2016-08"
}

@article{wapenaar_greens_2006,
    author = "Wapenaar, Kees and Fokkema, Jacob",
    title = "Green’s function representations for seismic interferometry",
    volume = "71",
    issn = "0016-8033",
    doi = "10.1190/1.2213955",
    pages = "SI33--SI46",
    number = "4",
    journaltitle = "Geophysics",
    shortjournal = "{GEOPHYSICS}",
    date = "2006-07"
}

@article{wang2020seismic,
    author = "Wang, Sheng and Tkal{\v{c}}i{\'c}, Hrvoje",
    title = "{\SORTCITATION{1}}Seismic event coda-correlation's formation: implications for global seismology",
    journal = "Geophysical Journal International",
    volume = "222",
    number = "2",
    pages = "1283--1294",
    year = "2020",
    publisher = "Oxford University Press"
}

@article{wang2020seismictomo,
    author = "Wang, Sheng and Tkal{\v{c}}i{\'c}, Hrvoje",
    title = "{\SORTCITATION{2}}Seismic event coda-correlation: Toward global coda-correlation tomography",
    journal = "Journal of Geophysical Research: Solid Earth",
    volume = "125",
    number = "4",
    pages = "e2019JB018848",
    year = "2020",
    publisher = "Wiley Online Library"
}

@article{kennett_nature_2018,
    author = "Kennett, B. L. N. and Pham, Thanh-Son",
    title = "The nature of Earth's correlation wavefield: late coda of large earthquakes",
    volume = "474",
    doi = "10.1098/rspa.2018.0082",
    shorttitle = "The nature of Earth's correlation wavefield",
    pages = "20180082",
    number = "2214",
    journaltitle = "Proceedings of the Royal Society A: Mathematical, Physical and Engineering Sciences",
    shortjournal = "Proceedings of the Royal Society A: Mathematical, Physical and Engineering Sciences",
    date = "2018-06"
}

@article{retailleau_ambient_2020,
    author = "Retailleau, Lise and Boué, Pierre and Li, Lei and Campillo, Michel",
    title = "Ambient seismic noise imaging of the lowermost mantle beneath the North Atlantic Ocean",
    volume = "222",
    issn = "0956-540X",
    doi = "10.1093/gji/ggaa210",
    pages = "1339--1351",
    number = "2",
    journaltitle = "Geophysical Journal International",
    shortjournal = "Geophysical Journal International",
    date = "2020-08"
}

@article{rost_array_2002,
    author = "Rost, Sebastian and Thomas, Christine",
    title = "Array Seismology: Methods and Applications",
    volume = "40",
    rights = "Copyright 2002 by the American Geophysical Union.",
    issn = "1944-9208",
    doi = "https://doi.org/10.1029/2000RG000100",
    shorttitle = "Array Seismology",
    pages = "2--1--2--27",
    number = "3",
    journaltitle = "Reviews of Geophysics",
    date = "2002"
}

@article{sager_sensitivity_2018,
    author = "Sager, Korbinian and Boehm, Christian and Ermert, Laura and Krischer, Lion and Fichtner, Andreas",
    title = "Sensitivity of Seismic Noise Correlation Functions to Global Noise Sources",
    volume = "123",
    rights = "©2018. The Authors.",
    issn = "2169-9356",
    doi = "https://doi.org/10.1029/2018JB016042",
    pages = "6911--6921",
    number = "8",
    journaltitle = "Journal of Geophysical Research: Solid Earth",
    date = "2018"
}

@article{fichtner_generalized_2017,
    author = "Fichtner, Andreas and Stehly, Laurent and Ermert, Laura and Boehm, Christian",
    title = "Generalized interferometry – I: theory for interstation correlations",
    volume = "208",
    issn = "0956-540X",
    doi = "10.1093/gji/ggw420",
    shorttitle = "Generalized interferometry – I",
    pages = "603--638",
    number = "2",
    journaltitle = "Geophysical Journal International",
    shortjournal = "Geophysical Journal International",
    date = "2017-02"
}

@article{wapenaar_retrieving_2004,
    author = "Wapenaar, Kees",
    title = "Retrieving the Elastodynamic Green's Function of an Arbitrary Inhomogeneous Medium by Cross Correlation",
    volume = "93",
    doi = "10.1103/PhysRevLett.93.254301",
    pages = "254301",
    number = "25",
    journaltitle = "Physical Review Letters",
    shortjournal = "Phys. Rev. Lett.",
    date = "2004-12"
}

@article{hollerbach_influence_1993,
    author = "Hollerbach, Rainer and Jones, Chris A.",
    title = "Influence of the Earth's inner core on geomagnetic fluctuations and reversals",
    volume = "365",
    rights = "1993 Nature Publishing Group",
    issn = "1476-4687",
    doi = "10.1038/365541a0",
    pages = "541--543",
    number = "6446",
    journaltitle = "Nature",
    date = "1993-10"
}

@article{birch_elasticity_1952,
    author = "Birch, Francis",
    title = "Elasticity and constitution of the Earth's interior",
    volume = "57",
    rights = "Copyright 1952 by the American Geophysical Union.",
    issn = "2156-2202",
    doi = "https://doi.org/10.1029/JZ057i002p00227",
    pages = "227--286",
    number = "2",
    journaltitle = "Journal of Geophysical Research (1896-1977)",
    date = "1952"
}

@article{morelli_anisotropy_1986,
    author = "Morelli, Andrea and Dziewonski, Adam M. and Woodhouse, John H.",
    title = "Anisotropy of the inner core inferred from {PKIKP} travel times",
    volume = "13",
    rights = "Copyright 1986 by the American Geophysical Union.",
    issn = "1944-8007",
    doi = "https://doi.org/10.1029/GL013i013p01545",
    pages = "1545--1548",
    number = "13",
    journaltitle = "Geophysical Research Letters",
    date = "1986"
}

@article{julian_pkjkp_1972,
    author = "Julian, Bruce R. and Davies, David and Sheppard, Robert M.",
    title = "{PKJKP}",
    volume = "235",
    rights = "1972 Nature Publishing Group",
    issn = "1476-4687",
    doi = "10.1038/235317a0",
    pages = "317--318",
    number = "5337",
    journaltitle = "Nature",
    date = "1972-02"
}

@article{mao_experimental_2008,
    author = "Mao, Wendy L. and Struzhkin, Viktor V. and Baron, Alfred Q. R. and Tsutsui, Satoshi and Tommaseo, Caterina E. and Wenk, Hans-Rudolf and Hu, Michael Y. and Chow, Paul and Sturhahn, Wolfgang and Shu, Jinfu and Hemley, Russell J. and Heinz, Dion L. and Mao, Ho-Kwang",
    title = "Experimental determination of the elasticity of iron at high pressure",
    volume = "113",
    rights = "Copyright 2008 by the American Geophysical Union.",
    issn = "2156-2202",
    doi = "https://doi.org/10.1029/2007JB005229",
    issue = "B9",
    journaltitle = "Journal of Geophysical Research: Solid Earth",
    date = "2008"
}

@article{souriau_anisotropy_1996,
    author = "Souriau, Annie and Romanowicz, Barbara",
    title = "Anisotropy in inner core attenuation: A new type of data to constrain the nature of the solid core",
    volume = "23",
    rights = "Copyright 1996 by the American Geophysical Union.",
    issn = "1944-8007",
    doi = "https://doi.org/10.1029/95GL03583",
    shorttitle = "Anisotropy in inner core attenuation",
    pages = "1--4",
    number = "1",
    journaltitle = "Geophysical Research Letters",
    date = "1996"
}

@article{belonoshko_elastic_2008,
    author = "Belonoshko, Anatoly B. and Skorodumova, Natalia V. and Rosengren, Anders and Johansson, Börje",
    title = "Elastic Anisotropy of Earth's Inner Core",
    volume = "319",
    rights = "American Association for the Advancement of Science",
    issn = "0036-8075, 1095-9203",
    doi = "10.1126/science.1150302",
    pages = "797--800",
    number = "5864",
    journaltitle = "Science",
    date = "2008-02",
    pmid = "18258912"
}

@article{belonoshko_origin_2007,
    author = "Belonoshko, Anatoly B. and Skorodumova, Natalia V. and Davis, Sergio and Osiptsov, Alexander N. and Rosengren, Anders and Johansson, Börje",
    title = "Origin of the Low Rigidity of the Earth's Inner Core",
    volume = "316",
    rights = "American Association for the Advancement of Science",
    issn = "0036-8075, 1095-9203",
    doi = "10.1126/science.1141374",
    pages = "1603--1605",
    number = "5831",
    journaltitle = "Science",
    date = "2007-06",
    pmid = "17569860"
}

@article{belonoshko_low_2019,
    author = "Belonoshko, Anatoly B. and Fu, Jie and Bryk, Taras and Simak, Sergei I. and Mattesini, Maurizio",
    title = "Low viscosity of the Earth’s inner core",
    volume = "10",
    rights = "2019 The Author(s)",
    issn = "2041-1723",
    doi = "10.1038/s41467-019-10346-2",
    pages = "2483",
    number = "1",
    journaltitle = "Nature Communications",
    date = "2019-06"
}

@article{creager_anisotropy_1992,
    author = "Creager, Kenneth C.",
    title = "Anisotropy of the inner core from differential travel times of the phases {PKP} and {PKIKP}",
    volume = "356",
    rights = "1992 Nature Publishing Group",
    issn = "1476-4687",
    doi = "10.1038/356309a0",
    pages = "309--314",
    number = "6367",
    journaltitle = "Nature",
    date = "1992-03"
}

@article{beghein_robust_2003,
    author = "Beghein, Caroline and Trampert, Jeannot",
    title = "Robust Normal Mode Constraints on Inner-Core Anisotropy from Model Space Search",
    volume = "299",
    issn = "0036-8075, 1095-9203",
    doi = "10.1126/science.1078159",
    pages = "552--555",
    number = "5606",
    journaltitle = "Science",
    date = "2003-01",
    pmid = "12543971"
}

@article{vocadlo_ab_2007,
    author = "Vočadlo, Lidunka",
    title = "Ab initio calculations of the elasticity of iron and iron alloys at inner core conditions: Evidence for a partially molten inner core?",
    volume = "254",
    issn = "0012-821X",
    doi = "10.1016/j.epsl.2006.09.046",
    shorttitle = "Ab initio calculations of the elasticity of iron and iron alloys at inner core conditions",
    pages = "227--232",
    number = "1",
    journaltitle = "Earth and Planetary Science Letters",
    shortjournal = "Earth and Planetary Science Letters",
    date = "2007-02"
}

@article{vocadlo_possible_2003,
    author = "Vočadlo, Lidunka and Alfè, Dario and Gillan, M. J. and Wood, I. G. and Brodholt, J. P. and Price, G. David",
    title = "Possible thermal and chemical stabilization of body-centred-cubic iron in the Earth's core",
    volume = "424",
    rights = "2003 Macmillan Magazines Ltd.",
    issn = "1476-4687",
    doi = "10.1038/nature01829",
    pages = "536--539",
    number = "6948",
    journaltitle = "Nature",
    date = "2003-07"
}

@article{curtis_virtual_2009,
    author = "Curtis, Andrew and Nicolson, Heather and Halliday, David and Trampert, Jeannot and Baptie, Brian",
    title = "Virtual seismometers in the subsurface of the Earth from seismic interferometry",
    volume = "2",
    rights = "2009 Nature Publishing Group",
    issn = "1752-0908",
    doi = "10.1038/ngeo615",
    pages = "700--704",
    number = "10",
    journaltitle = "Nature Geoscience",
    date = "2009-10"
}

@article{shen_metastable_2020,
    author = "Shen, Zhichao and Zhan, Zhongwen",
    title = "Metastable olivine wedge beneath the Japan Sea imaged by seismic interferometry",
    volume = "47",
    issn = "1944-8007",
    number = "6",
    journaltitle = "Geophysical Research Letters",
    date = "2020"
}

@article{tonegawa_inter-source_2010,
    author = "Tonegawa, Takashi and Nishida, Kiwamu",
    title = "Inter-source body wave propagations derived from seismic interferometry",
    volume = "183",
    rights = "© 2010 The Authors Geophysical Journal International © 2010 {RAS}",
    issn = "1365-246X",
    doi = "https://doi.org/10.1111/j.1365-246X.2010.04753.x",
    pages = "861--868",
    number = "2",
    journaltitle = "Geophysical Journal International",
    date = "2010"
}

@article{woodhouse_evidence_1986,
    author = "Woodhouse, John H. and Giardini, Domenico and Li, Xiang-Dong",
    title = "Evidence for inner core anisotropy from free oscillations",
    volume = "13",
    rights = "Copyright 1986 by the American Geophysical Union.",
    issn = "1944-8007",
    doi = "https://doi.org/10.1029/GL013i013p01549",
    pages = "1549--1552",
    number = "13",
    journaltitle = "Geophysical Research Letters",
    date = "1986"
}

@article{shearer_axi-symmetric_1988,
    author = "Shearer, Peter M. and Toy, Kenneth M. and Orcutt, John A.",
    title = "Axi-symmetric Earth models and inner-core anisotropy",
    volume = "333",
    rights = "1988 Nature Publishing Group",
    issn = "1476-4687",
    doi = "10.1038/333228a0",
    pages = "228--232",
    number = "6170",
    journaltitle = "Nature",
    date = "1988-05"
}

@article{poupinet_possible_1983,
    author = "Poupinet, G. and Pillet, R. and Souriau, A.",
    title = "Possible heterogeneity of the Earth's core deduced from {PKIKP} travel times",
    volume = "305",
    rights = "1983 Nature Publishing Group",
    issn = "1476-4687",
    doi = "10.1038/305204a0",
    pages = "204--206",
    number = "5931",
    journaltitle = "Nature",
    date = "1983-09"
}

@article{vocadlo_ab_2009,
    author = "Vočadlo, Lidunka and Dobson, David P. and Wood, Ian G.",
    title = "Ab initio calculations of the elasticity of hcp-Fe as a function of temperature at inner-core pressure",
    volume = "288",
    issn = "0012-821X",
    doi = "10.1016/j.epsl.2009.10.015",
    pages = "534--538",
    number = "3",
    journaltitle = "Earth and Planetary Science Letters",
    shortjournal = "Earth and Planetary Science Letters",
    date = "2009-11"
}

@article{song_anisotropy_1997,
    author = "Song, Xiaodong",
    title = "Anisotropy of the Earth's inner core",
    volume = "35",
    rights = "Copyright 1997 by the American Geophysical Union.",
    issn = "1944-9208",
    doi = "https://doi.org/10.1029/97RG01285",
    pages = "297--313",
    number = "3",
    journaltitle = "Reviews of Geophysics",
    date = "1997"
}

@article{karato_inner_1993,
    author = "Karato, Shun-ichiro",
    title = "Inner Core Anisotropy Due to the Magnetic Field—induced Preferred Orientation of Iron",
    volume = "262",
    rights = "1993 by the American Association for the Advancement of Science",
    issn = "0036-8075, 1095-9203",
    doi = "10.1126/science.262.5140.1708",
    pages = "1708--1711",
    number = "5140",
    journaltitle = "Science",
    date = "1993-12",
    pmid = "17781788"
}

@article{bergman_measurements_1997,
    author = "Bergman, Michael I.",
    title = "Measurements of electric anisotropy due to solidification texturing and the implications for the Earth's inner core",
    volume = "389",
    rights = "1997 Macmillan Magazines Ltd.",
    issn = "1476-4687",
    doi = "10.1038/37962",
    pages = "60--63",
    number = "6646",
    journaltitle = "Nature",
    date = "1997-09"
}

@article{pham_earths_2018,
    author = "Phạm, Thanh-Son and Tkalčić, Hrvoje and Sambridge, Malcolm and Kennett, Brian L. N.",
    title = "Earth's correlation wavefield: late coda correlation",
    volume = "45",
    rights = "©2018. American Geophysical Union. All Rights Reserved.",
    issn = "1944-8007",
    doi = "https://doi.org/10.1002/2018GL077244",
    shorttitle = "Earth's Correlation Wavefield",
    pages = "3035--3042",
    number = "7",
    journaltitle = "Geophysical Research Letters",
    date = "2018"
}

@article{stevenson_limits_1987,
    author = "Stevenson, D. J.",
    title = "Limits on lateral density and velocity variations in the Earth's outer core",
    volume = "88",
    issn = "0956-540X",
    doi = "10.1111/j.1365-246X.1987.tb01383.x",
    pages = "311--319",
    number = "1",
    journaltitle = "Geophysical Journal International",
    shortjournal = "Geophysical Journal International",
    date = "1987-01"
}

@article{stixrude_high-pressure_1995,
    author = "Stixrude, Lars and Cohen, R. E.",
    title = "High-Pressure Elasticity of Iron and Anisotropy of Earth's Inner Core",
    volume = "267",
    rights = "1995 by the American Association for the Advancement of Science",
    issn = "0036-8075, 1095-9203",
    doi = "10.1126/science.267.5206.1972",
    pages = "1972--1975",
    number = "5206",
    journaltitle = "Science",
    date = "1995-03",
    pmid = "17770110"
}

@article{yoshida_growth_1996,
    author = "Yoshida, Shigeo and Sumita, Ikuro and Kumazawa, Mineo",
    title = "Growth model of the inner core coupled with the outer core dynamics and the resulting elastic anisotropy",
    volume = "101",
    rights = "Copyright 1996 by the American Geophysical Union.",
    issn = "2156-2202",
    doi = "https://doi.org/10.1029/96JB02700",
    pages = "28085--28103",
    issue = "B12",
    journaltitle = "Journal of Geophysical Research: Solid Earth",
    date = "1996"
}

@article{buffett_texturing_2001,
    author = "Buffett, B. A. and Wenk, H.-R.",
    title = "Texturing of the Earth's inner core by Maxwell stresses",
    volume = "413",
    rights = "2001 Macmillan Magazines Ltd.",
    issn = "1476-4687",
    doi = "10.1038/35092543",
    pages = "60--63",
    number = "6851",
    journaltitle = "Nature",
    date = "2001-09"
}

@article{dziewonski_preliminary_1981,
    author = "Dziewonski, Adam M. and Anderson, Don L.",
    title = "Preliminary reference Earth model",
    volume = "25",
    issn = "0031-9201",
    doi = "10.1016/0031-9201(81)90046-7",
    pages = "297--356",
    number = "4",
    journaltitle = "Physics of the Earth and Planetary Interiors",
    shortjournal = "Physics of the Earth and Planetary Interiors",
    date = "1981-06"
}

@article{ishii_innermost_2002,
    author = "Ishii, Miaki and Dziewoński, Adam M.",
    title = "The innermost inner core of the earth: Evidence for a change in anisotropic behavior at the radius of about 300 km",
    volume = "99",
    rights = "Copyright © 2002, The National Academy of Sciences",
    issn = "0027-8424, 1091-6490",
    doi = "10.1073/pnas.172508499",
    shorttitle = "The innermost inner core of the earth",
    pages = "14026--14030",
    number = "22",
    journaltitle = "Proceedings of the National Academy of Sciences",
    shortjournal = "{PNAS}",
    date = "2002-10",
    pmid = "12374869"
}

@article{tromp_support_1993,
    author = "Tromp, Jeroen",
    title = "Support for anisotropy of the Earth's inner core from free oscillations",
    volume = "366",
    rights = "1993 Nature Publishing Group",
    issn = "1476-4687",
    doi = "10.1038/366678a0",
    pages = "678--681",
    number = "6456",
    journaltitle = "Nature",
    date = "1993-12"
}

@article{stephenson_evidence_2021,
    author = "Stephenson, J. and Tkalčić, H. and Sambridge, M.",
    title = "Evidence for the Innermost Inner Core: Robust Parameter Search for Radially Varying Anisotropy Using the Neighborhood Algorithm",
    volume = "126",
    rights = "© 2020. American Geophysical Union. All Rights Reserved.",
    issn = "2169-9356",
    doi = "https://doi.org/10.1029/2020JB020545",
    shorttitle = "Evidence for the Innermost Inner Core",
    pages = "e2020JB020545",
    number = "1",
    journaltitle = "Journal of Geophysical Research: Solid Earth",
    date = "2021"
}

@article{banerdt_initial_2020,
    author = "Banerdt, W. Bruce and Smrekar, Suzanne E. and Banfield, Don and Giardini, Domenico and Golombek, Matthew and Johnson, Catherine L. and Lognonné, Philippe and Spiga, Aymeric and Spohn, Tilman and Perrin, Clément and Stähler, Simon C. and Antonangeli, Daniele and Asmar, Sami and Beghein, Caroline and Bowles, Neil and Bozdag, Ebru and Chi, Peter and Christensen, Ulrich and Clinton, John and Collins, Gareth S. and Daubar, Ingrid and Dehant, Véronique and Drilleau, Mélanie and Fillingim, Matthew and Folkner, William and Garcia, Raphaël F. and Garvin, Jim and Grant, John and Grott, Matthias and Grygorczuk, Jerzy and Hudson, Troy and Irving, Jessica C. E. and Kargl, Günter and Kawamura, Taichi and Kedar, Sharon and King, Scott and Knapmeyer-Endrun, Brigitte and Knapmeyer, Martin and Lemmon, Mark and Lorenz, Ralph and Maki, Justin N. and Margerin, Ludovic and {McLennan}, Scott M. and Michaut, Chloe and Mimoun, David and Mittelholz, Anna and Mocquet, Antoine and Morgan, Paul and Mueller, Nils T. and Murdoch, Naomi and Nagihara, Seiichi and Newman, Claire and Nimmo, Francis and Panning, Mark and Pike, W. Thomas and Plesa, Ana-Catalina and Rodriguez, Sébastien and Rodriguez-Manfredi, Jose Antonio and Russell, Christopher T. and Schmerr, Nicholas and Siegler, Matt and Stanley, Sabine and Stutzmann, Eléanore and Teanby, Nicholas and Tromp, Jeroen and van Driel, Martin and Warner, Nicholas and Weber, Renee and Wieczorek, Mark",
    title = "Initial results from the {InSight} mission on Mars",
    volume = "13",
    rights = "2020 Springer Nature Limited",
    issn = "1752-0908",
    doi = "10.1038/s41561-020-0544-y",
    pages = "183--189",
    number = "3",
    journaltitle = "Nature Geoscience",
    date = "2020-03"
}

@article{giardini_seismicity_2020,
    author = "Giardini, D. and Lognonné, P. and Banerdt, W. B. and Pike, W. T. and Christensen, U. and Ceylan, S. and Clinton, J. F. and van Driel, M. and Stähler, S. C. and Böse, M. and Garcia, R. F. and Khan, A. and Panning, M. and Perrin, C. and Banfield, D. and Beucler, E. and Charalambous, C. and Euchner, F. and Horleston, A. and Jacob, A. and Kawamura, T. and Kedar, S. and Mainsant, G. and Scholz, J.-R. and Smrekar, S. E. and Spiga, A. and Agard, C. and Antonangeli, D. and Barkaoui, S. and Barrett, E. and Combes, P. and Conejero, V. and Daubar, I. and Drilleau, M. and Ferrier, C. and Gabsi, T. and Gudkova, T. and Hurst, K. and Karakostas, F. and King, S. and Knapmeyer, M. and Knapmeyer-Endrun, B. and Llorca-Cejudo, R. and Lucas, A. and Luno, L. and Margerin, L. and {McClean}, J. B. and Mimoun, D. and Murdoch, N. and Nimmo, F. and Nonon, M. and Pardo, C. and Rivoldini, A. and Manfredi, J. A. Rodriguez and Samuel, H. and Schimmel, M. and Stott, A. E. and Stutzmann, E. and Teanby, N. and Warren, T. and Weber, R. C. and Wieczorek, M. and Yana, C.",
    title = "The seismicity of Mars",
    volume = "13",
    rights = "2020 The Author(s), under exclusive licence to Springer Nature Limited",
    issn = "1752-0908",
    doi = "10.1038/s41561-020-0539-8",
    pages = "205--212",
    number = "3",
    journaltitle = "Nature Geoscience",
    date = "2020-03"
}

@article{scholz_detection_2020,
    author = "Scholz, John-Robert and Widmer‐Schnidrig, Rudolf and Davis, Paul and Lognonné, Philippe and Pinot, Baptiste and Garcia, Raphaël F. and Hurst, Kenneth and Pou, Laurent and Nimmo, Francis and Barkaoui, Salma and de Raucourt, Sébastien and Knapmeyer‐Endrun, Brigitte and Knapmeyer, Martin and Orhand‐Mainsant, Guénolé and Compaire, Nicolas and Cuvier, Arthur and Beucler, Éric and Bonnin, Mickaël and Joshi, Rakshit and Sainton, Grégory and Stutzmann, Eléonore and Schimmel, Martin and Horleston, Anna and Böse, Maren and Ceylan, Savas and Clinton, John and van Driel, Martin and Kawamura, Taichi and Khan, Amir and Stähler, Simon C. and Giardini, Domenico and Charalambous, Constantinos and Stott, Alexander E. and Pike, William T. and Christensen, Ulrich R. and Banerdt, W. Bruce",
    title = "Detection, Analysis, and Removal of Glitches From {InSight}'s Seismic Data From Mars",
    volume = "7",
    rights = "©2020 The Authors.",
    issn = "2333-5084",
    doi = "https://doi.org/10.1029/2020EA001317",
    number = "11",
    journaltitle = "Earth and Space Science",
    date = "2020"
}

@article{marusiak_terrestrial_2020,
    author = "Marusiak, Angela G. and Schmerr, Nicholas C. and Banks, Maria E. and Daubar, Ingrid J.",
    title = "Terrestrial single-station analog for constraining the martian core and deep interior: Implications for {InSight}",
    volume = "335",
    issn = "0019-1035",
    doi = "10.1016/j.icarus.2019.113396",
    shorttitle = "Terrestrial single-station analog for constraining the martian core and deep interior",
    pages = "113396",
    journaltitle = "Icarus",
    shortjournal = "Icarus",
    date = "2020-01"
}

@article{tanaka_degree_1997,
    author = "Tanaka, Satoru and Hamaguchi, Hiroyuki",
    title = "Degree one heterogeneity and hemispherical variation of anisotropy in the inner core from {PKP}({BC})–{PKP}({DF}) times",
    volume = "102",
    rights = "Copyright 1997 by the American Geophysical Union.",
    issn = "2156-2202",
    doi = "https://doi.org/10.1029/96JB03187",
    pages = "2925--2938",
    issue = "B2",
    journaltitle = "Journal of Geophysical Research: Solid Earth",
    date = "1997"
}

@article{niu_hemispherical_2001,
    author = "Niu, Fenglin and Wen, Lianxing",
    title = "Hemispherical variations in seismic velocity at the top of the Earth's inner core",
    volume = "410",
    rights = "2001 Macmillan Magazines Ltd.",
    issn = "1476-4687",
    doi = "10.1038/35074073",
    pages = "1081--1084",
    number = "6832",
    journaltitle = "Nature",
    date = "2001-04"
}

@article{waszek_distinct_2011,
    author = "Waszek, Lauren and Deuss, Arwen",
    title = "Distinct layering in the hemispherical seismic velocity structure of Earth's upper inner core",
    volume = "116",
    rights = "Copyright 2011 by the American Geophysical Union",
    issn = "2156-2202",
    doi = "https://doi.org/10.1029/2011JB008650",
    issue = "B12",
    journaltitle = "Journal of Geophysical Research: Solid Earth",
    date = "2011"
}

@article{song_depth_1995,
    author = "Song, Xiaodong and Helmberger, Don V.",
    title = "Depth dependence of anisotropy of Earth's inner core",
    volume = "100",
    rights = "Copyright 1995 by the American Geophysical Union.",
    issn = "2156-2202",
    doi = "https://doi.org/10.1029/95JB00244",
    pages = "9805--9816",
    issue = "B6",
    journaltitle = "Journal of Geophysical Research: Solid Earth",
    date = "1995"
}

@article{creager_large-scale_1999,
    author = "Creager, Kenneth C.",
    title = "Large-scale variations in inner core anisotropy",
    volume = "104",
    rights = "Copyright 1999 by the American Geophysical Union.",
    issn = "2156-2202",
    doi = "https://doi.org/10.1029/1999JB900162",
    pages = "23127--23139",
    issue = "B10",
    journaltitle = "Journal of Geophysical Research: Solid Earth",
    date = "1999"
}

@article{shearer_constraints_1994,
    author = "Shearer, Peter M.",
    title = "Constraints on inner core anisotropy from {PKP}({DF}) travel times",
    volume = "99",
    rights = "Copyright 1994 by the American Geophysical Union.",
    issn = "2156-2202",
    doi = "https://doi.org/10.1029/94JB01470",
    pages = "19647--19659",
    issue = "B10",
    journaltitle = "Journal of Geophysical Research: Solid Earth",
    date = "1994"
}

@article{karato_seismic_1999,
    author = "Karato, Shun-ichiro",
    title = "Seismic anisotropy of the Earth's inner core resulting from flow induced by Maxwell stresses",
    volume = "402",
    rights = "1999 Macmillan Magazines Ltd.",
    issn = "1476-4687",
    doi = "10.1038/47235",
    pages = "871--873",
    number = "6764",
    journaltitle = "Nature",
    date = "1999-12"
}

@article{calvet_constraints_2008,
    author = "Calvet, Marie and Margerin, Ludovic",
    title = "Constraints on grain size and stable iron phases in the uppermost inner core from multiple scattering modeling of seismic velocity and attenuation",
    volume = "267",
    issn = "0012-821X",
    doi = "10.1016/j.epsl.2007.11.048",
    pages = "200--212",
    number = "1",
    journaltitle = "Earth and Planetary Science Letters",
    shortjournal = "Earth and Planetary Science Letters",
    date = "2008-03"
}

@article{biggin_palaeomagnetic_2015,
    author = "Biggin, A. J. and Piispa, E. J. and Pesonen, L. J. and Holme, R. and Paterson, G. A. and Veikkolainen, T. and Tauxe, L.",
    title = "Palaeomagnetic field intensity variations suggest Mesoproterozoic inner-core nucleation",
    volume = "526",
    rights = "2015 Nature Publishing Group, a division of Macmillan Publishers Limited. All Rights Reserved.",
    issn = "1476-4687",
    doi = "10.1038/nature15523",
    pages = "245--248",
    number = "7572",
    journaltitle = "Nature",
    date = "2015-10"
}

@article{aubert_thermochemical_2008,
    author = "Aubert, Julien and Amit, Hagay and Hulot, Gauthier and Olson, Peter",
    title = "Thermochemical flows couple the Earth's inner core growth to mantle heterogeneity",
    volume = "454",
    rights = "2008 Macmillan Publishers Limited. All rights reserved",
    issn = "1476-4687",
    doi = "10.1038/nature07109",
    pages = "758--761",
    number = "7205",
    journaltitle = "Nature",
    date = "2008-08"
}

@article{buffett_thermal_1996,
    author = "Buffett, Bruce A. and Huppert, Herbert E. and Lister, John R. and Woods, Andrew W.",
    title = "On the thermal evolution of the Earth's core",
    volume = "101",
    rights = "Copyright 1996 by the American Geophysical Union.",
    issn = "2156-2202",
    doi = "https://doi.org/10.1029/95JB03539",
    pages = "7989--8006",
    issue = "B4",
    journaltitle = "Journal of Geophysical Research: Solid Earth",
    date = "1996"
}

@article{romanowicz_anisotropy_1996,
    author = "Romanowicz, Barbara and Li, Xiang-Dong and Durek, Joseph",
    title = "Anisotropy in the Inner Core: Could It Be Due To Low-Order Convection?",
    volume = "274",
    rights = "© 1996 American Association for the Advancement of Science",
    issn = "0036-8075, 1095-9203",
    doi = "10.1126/science.274.5289.963",
    shorttitle = "Anisotropy in the Inner Core",
    pages = "963--966",
    number = "5289",
    journaltitle = "Science",
    date = "1996-11",
    pmid = "8875934"
}

@article{lehmann_i_p_1936,
    author = "Lehmann, I.",
    title = "P'",
    volume = "14",
    pages = "87--115",
    journaltitle = "Publications du Bureau {CentralSeismologique} International, Série A, Travaux Scientifique",
    date = "1936"
}

@article{braginsky_structure_1963,
    author = "Braginsky, S. I.",
    title = "Structure of the F layer and reasons for convection in the Earth's core",
    volume = "149",
    pages = "8--10",
    journaltitle = "Soviet Phys. Dokl.",
    date = "1963"
}

@article{wenk_plastic_2000,
    author = "Wenk, H.-R. and Matthies, S. and Hemley, R. J. and Mao, H.-K. and Shu, J.",
    title = "The plastic deformation of iron at pressures of the Earth's inner core",
    volume = "405",
    rights = "2000 Macmillan Magazines Ltd.",
    issn = "1476-4687",
    doi = "10.1038/35016558",
    pages = "1044--1047",
    number = "6790",
    journaltitle = "Nature",
    date = "2000-06"
}

@article{wenk_convection_2000,
    author = "Wenk, H.-R. and Baumgardner, J. R. and Lebensohn, R. A. and Tomé, C. N.",
    title = "A convection model to explain anisotropy of the inner core",
    volume = "105",
    rights = "Copyright 2000 by the American Geophysical Union.",
    issn = "2156-2202",
    doi = "https://doi.org/10.1029/1999JB900346",
    pages = "5663--5677",
    issue = "B3",
    journaltitle = "Journal of Geophysical Research: Solid Earth",
    date = "2000"
}

@article{garcia_inner_2000,
    author = "Garcia, Raphaël and Souriau, Annie",
    title = "Inner core anisotropy and heterogeneity level",
    volume = "27",
    rights = "Copyright 2000 by the American Geophysical Union.",
    issn = "1944-8007",
    doi = "https://doi.org/10.1029/2000GL008520",
    pages = "3121--3124",
    number = "19",
    journaltitle = "Geophysical Research Letters",
    date = "2000"
}

@article{chapman_generalized_1981,
    author = "Chapman, C. H.",
    title = "Generalized Radon transforms and slant stacks",
    volume = "66",
    issn = "0956-540X",
    doi = "10.1111/j.1365-246X.1981.tb05966.x",
    pages = "445--453",
    number = "2",
    journaltitle = "Geophysical Journal International",
    shortjournal = "Geophysical Journal International",
    date = "1981-08"
}

@article{hosseini_obspydmt_2017,
    author = "Hosseini, Kasra and Sigloch, Karin",
    title = "{ObspyDMT}: a Python toolbox for retrieving and processing large seismological data sets",
    volume = "8",
    issn = "1869-9510",
    doi = "10.5194/se-8-1047-2017",
    shorttitle = "{ObspyDMT}",
    pages = "1047--1070",
    number = "5",
    journaltitle = "Solid Earth",
    date = "2017-10"
}

@article{tkalcic_excitation_2020,
    author = "Tkalčić, Hrvoje and Phạm, Thanh-Son",
    title = "Excitation of the global correlation wavefield by large earthquakes",
    volume = "223",
    issn = "0956-540X",
    doi = "10.1093/gji/ggaa369",
    pages = "1769--1779",
    number = "3",
    journaltitle = "Geophysical Journal International",
    shortjournal = "Geophysical Journal International",
    date = "2020-11"
}

@article{sohl_interior_1997,
    author = "Sohl, Frank and Spohn, Tilman",
    title = "The interior structure of Mars: Implications from {SNC} meteorites",
    volume = "102",
    rights = "Copyright 1997 by the American Geophysical Union.",
    issn = "2156-2202",
    doi = "https://doi.org/10.1029/96JE03419",
    shorttitle = "The interior structure of Mars",
    pages = "1613--1635",
    issue = "E1",
    journaltitle = "Journal of Geophysical Research: Planets",
    date = "1997"
}

@article{al-attar_calculation_2008,
    author = "Al-Attar, David and Woodhouse, John H.",
    title = "Calculation of seismic displacement fields in self-gravitating earth models—applications of minors vectors and symplectic structure",
    volume = "175",
    issn = "0956-540X",
    doi = "10.1111/j.1365-246X.2008.03961.x",
    pages = "1176--1208",
    number = "3",
    journaltitle = "Geophysical Journal International",
    shortjournal = "Geophysical Journal International",
    date = "2008-12"
}

@article{kennett_constraints_1995,
    author = "Kennett, B. L. N. and Engdahl, E. R. and Buland, R.",
    title = "Constraints on seismic velocities in the Earth from traveltimes",
    volume = "122",
    issn = "0956-540X",
    doi = "10.1111/j.1365-246X.1995.tb03540.x",
    pages = "108--124",
    number = "1",
    journaltitle = "Geophysical Journal International",
    shortjournal = "Geophysical Journal International",
    date = "1995-07"
}

@book{tkalcic_earths_2017,
    author = "Tkalčić, Hrvoje",
    location = "Cambridge ; New York, {NY}",
    title = "The earth's inner core: revealed by observational seismology",
    isbn = "978-1-107-03730-4",
    shorttitle = "The earth's inner core",
    pagetotal = "223",
    publisher = "Cambridge University Press",
    date = "2017"
}

@article{cormier_waveform_2005,
    author = "Cormier, Vernon F. and Stroujkova, Anastasia",
    title = "Waveform search for the innermost inner core",
    volume = "236",
    issn = "0012-821X",
    doi = "10.1016/j.epsl.2005.05.016",
    pages = "96--105",
    number = "1",
    journaltitle = "Earth and Planetary Science Letters",
    shortjournal = "Earth and Planetary Science Letters",
    date = "2005-07"
}

@article{makinen_anisotropy_2014,
    author = "Mäkinen, Anna M. and Deuss, Arwen and Redfern, Simon A. T.",
    title = "Anisotropy of Earth's inner core intrinsic attenuation from seismic normal mode models",
    volume = "404",
    issn = "0012-821X",
    doi = "10.1016/j.epsl.2014.08.009",
    pages = "354--364",
    journaltitle = "Earth and Planetary Science Letters",
    shortjournal = "Earth and Planetary Science Letters",
    date = "2014-10"
}

@book{auld_acoustic_1990,
    author = "Auld, Bertram Alexander",
    location = "Malabar",
    title = "Acoustic fields and waves in solids. Vol. 1 Vol. 1",
    isbn = "978-0-89464-490-0 978-0-89874-782-9",
    publisher = "Krieger Publishing Company",
    date = "1990"
}

@article{krasnoshchekov_shear_2019,
    author = "Krasnoshchekov, D. N. and Ovtchinnikov, V. M. and Usoltseva, O. A.",
    title = "Shear Wave Velocity in the Top of the Earth’s Inner Core",
    volume = "488",
    issn = "1531-8354",
    doi = "10.1134/S1028334X19100040",
    pages = "1186--1189",
    number = "2",
    journaltitle = "Doklady Earth Sciences",
    shortjournal = "Dokl. Earth Sc.",
    date = "2019-10"
}

@article{frost_dynamic_2021,
    author = "Frost, Daniel A. and Lasbleis, Marine and Chandler, Brian and Romanowicz, Barbara",
    title = "Dynamic history of the inner core constrained by seismic anisotropy",
    rights = "2021 The Author(s), under exclusive licence to Springer Nature Limited",
    issn = "1752-0908",
    doi = "10.1038/s41561-021-00761-w",
    pages = "1--5",
    journaltitle = "Nature Geoscience",
    shortjournal = "Nat. Geosci.",
    date = "2021-06"
}

@article{birch_alpha-gamma_1940,
    author = "Birch, Albert Francis",
    title = "The alpha-gamma transformation of iron at high pressures, and the problem of the earth's magnetism",
    volume = "238",
    rights = "{GeoRef}, Copyright 2004, American Geological Institute. Reference includes data from Bibliography and Index of North American Geology, U. S. Geological Survey, Reston, {VA}, United States",
    issn = "0002-9599, 1945-452X",
    doi = "10.2475/ajs.238.3.192",
    pages = "192--211",
    number = "3",
    journaltitle = "American Journal of Science",
    date = "1940-03"
}

@article{bullen_hypothesis_1946,
    author = "Bullen, K. E.",
    title = "A Hypothesis on Compressibility at Pressures of the Order of a Million Atmospheres",
    volume = "157",
    rights = "1946 Nature Publishing Group",
    issn = "1476-4687",
    doi = "10.1038/157405a0",
    pages = "405--405",
    number = "3987",
    journaltitle = "Nature",
    date = "1946-03"
}

@article{dziewonski_solidity_1971,
    author = "Dziewonski, A. M. and Gilbert, F.",
    title = "Solidity of the Inner Core of the Earth inferred from Normal Mode Observations",
    volume = "234",
    rights = "1971 Nature Publishing Group",
    issn = "1476-4687",
    doi = "10.1038/234465a0",
    pages = "465--466",
    number = "5330",
    journaltitle = "Nature",
    date = "1971-12"
}

@article{bullen_theoretical_1951,
    author = "Bullen, K. È",
    title = "Theoretical Amplitudes of the Seismic Phase Pkjkp",
    volume = "6",
    issn = "1365-246X",
    doi = "10.1111/j.1365-246X.1951.tb06275.x",
    pages = "163--167",
    issue = "s3",
    journaltitle = "Geophysical Journal International",
    date = "1951"
}

@article{doornbos_anelasticity_1974,
    author = "Doornbos, D. J.",
    title = "The Anelasticity of the Inner Core",
    volume = "38",
    issn = "0956-540X",
    doi = "10.1111/j.1365-246X.1974.tb04131.x",
    pages = "397--415",
    number = "2",
    journaltitle = "Geophysical Journal International",
    shortjournal = "Geophys J Int",
    date = "1974-08"
}

@article{deuss_observation_2000,
    author = "Deuss, Arwen and Woodhouse, John H. and Paulssen, Hanneke and Trampert, Jeannot",
    title = "The observation of inner core shear waves",
    volume = "142",
    issn = "0956-540X",
    doi = "10.1046/j.1365-246x.2000.00147.x",
    pages = "67--73",
    number = "1",
    journaltitle = "Geophysical Journal International",
    shortjournal = "Geophys J Int",
    date = "2000-07"
}

@article{bullen_theoretical_1950,
    author = "Bullen, K. E.",
    title = "Theoretical Travel-Times of S Waves in the Earth's Inner Core",
    volume = "6",
    issn = "1365-246X",
    doi = "10.1111/j.1365-246X.1950.tb02986.x",
    pages = "125--128",
    issue = "s2",
    journaltitle = "Geophysical Journal International",
    date = "1950"
}

@article{dziewonski_overtones_1971,
    author = "Dziewonski, Adam M.",
    title = "Overtones of Free Oscillations and the Structure of the Earth's Interior",
    volume = "172",
    rights = "© 1971",
    issn = "0036-8075, 1095-9203",
    doi = "10.1126/science.172.3990.1336",
    pages = "1336--1338",
    number = "3990",
    journaltitle = "Science",
    date = "1971-06",
    pmid = "17755209"
}

@article{derr_internal_1969,
    author = "Derr, John S.",
    title = "Internal structure of the Earth inferred from free oscillations",
    volume = "74",
    rights = "Copyright 1969 by the American Geophysical Union.",
    issn = "2156-2202",
    doi = "10.1029/JB074i022p05202",
    pages = "5202--5220",
    number = "22",
    journaltitle = "Journal of Geophysical Research (1896-1977)",
    date = "1969"
}

@article{masters_summary_1990,
    author = "Masters, T. G. and Shearer, P. M.",
    title = "Summary of seismological constraints on the structure of the Earth's core",
    volume = "95",
    rights = "Copyright 1990 by the American Geophysical Union.",
    issn = "2156-2202",
    doi = "10.1029/JB095iB13p21691",
    pages = "21691--21695",
    issue = "B13",
    journaltitle = "Journal of Geophysical Research: Solid Earth",
    date = "1990"
}

@article{okal_detection_1998,
    author = "Okal, Emile A. and Cansi, Yves",
    title = "Detection of {PKJKP} at intermediate periods by progressive multi-channel correlation",
    volume = "164",
    issn = "0012-821X",
    doi = "10.1016/S0012-821X(98)00210-6",
    pages = "23--30",
    number = "1",
    journaltitle = "Earth and Planetary Science Letters",
    shortjournal = "Earth and Planetary Science Letters",
    date = "1998-12"
}

@article{antonangeli_elastic_2004,
    author = "Antonangeli, Daniele and Occelli, Florent and Requardt, Herwig and Badro, James and Fiquet, Guillaume and Krisch, Michael",
    title = "Elastic anisotropy in textured hcp-iron to 112 {GPa} from sound wave propagation measurements",
    volume = "225",
    issn = "0012-821X",
    doi = "10.1016/j.epsl.2004.06.004",
    pages = "243--251",
    number = "1",
    journaltitle = "Earth and Planetary Science Letters",
    shortjournal = "Earth and Planetary Science Letters",
    date = "2004-08"
}

@article{mao_elasticity_1998,
    author = "Mao, Ho-kwang and Shu, Jinfu and Shen, Guoyin and Hemley, Russell J. and Li, Baosheng and Singh, Anil K.",
    title = "Elasticity and rheology of iron above 220 {GPa} and the nature of the Earth's inner core",
    volume = "396",
    rights = "1998 Macmillan Magazines Ltd.",
    issn = "1476-4687",
    doi = "10.1038/25506",
    pages = "741--743",
    number = "6713",
    journaltitle = "Nature",
    date = "1998-12"
}

@article{cormier_detection_2015,
    author = "Cormier, Vernon F.",
    title = "Detection of inner core solidification from observations of antipodal {PKIIKP}",
    volume = "42",
    rights = "©2015. The Authors.",
    issn = "1944-8007",
    doi = "10.1002/2015GL065367",
    pages = "7459--7466",
    number = "18",
    journaltitle = "Geophysical Research Letters",
    date = "2015"
}

@article{andrews_coupled_2006,
    author = "Andrews, J. and Deuss, A. and Woodhouse, J.",
    title = "Coupled normal-mode sensitivity to inner-core shear velocity and attenuation",
    volume = "167",
    issn = "0956-540X",
    doi = "10.1111/j.1365-246X.2006.03022.x",
    pages = "204--212",
    number = "1",
    journaltitle = "Geophysical Journal International",
    shortjournal = "Geophysical Journal International",
    date = "2006-10"
}

@article{widmer_spherically_1991,
    author = "Widmer, Rudolf and Masters, Guy and Gilbert, Freeman",
    title = "Spherically symmetric attenuation within the Earth from normal mode data",
    volume = "104",
    issn = "0956-540X",
    doi = "10.1111/j.1365-246X.1991.tb05700.x",
    pages = "541--553",
    number = "3",
    journaltitle = "Geophysical Journal International",
    shortjournal = "Geophysical Journal International",
    date = "1991-03"
}

@article{masters_structure_1981,
    author = "Masters, Guy and Gilbert, Freeman",
    title = "Structure of the inner core inferred from observations of its spheroidal shear modes",
    volume = "8",
    rights = "Copyright 1981 by the American Geophysical Union.",
    issn = "1944-8007",
    doi = "10.1029/GL008i006p00569",
    pages = "569--571",
    number = "6",
    journaltitle = "Geophysical Research Letters",
    date = "1981"
}

@article{fukao_core_1989,
    author = "Fukao, Y. and Suda, N.",
    title = "Core modes of the Earth's free oscillations and structure of the inner core",
    volume = "16",
    rights = "Copyright 1989 by the American Geophysical Union.",
    issn = "1944-8007",
    doi = "10.1029/GL016i005p00401",
    pages = "401--404",
    number = "5",
    journaltitle = "Geophysical Research Letters",
    date = "1989"
}

@article{resovsky_error_2005,
    author = "Resovsky, Joseph and Trampert, Jeannot and Van der Hilst, R. D.",
    title = "Error bars for the global seismic Q profile",
    volume = "230",
    issn = "0012-821X",
    doi = "10.1016/j.epsl.2004.12.008",
    pages = "413--423",
    number = "3",
    journaltitle = "Earth and Planetary Science Letters",
    shortjournal = "Earth and Planetary Science Letters",
    date = "2005-02"
}

@article{masters_attenuation_1983,
    author = "Masters, G. and Gilbert, F. and Munk, Walter Heinrich",
    title = "Attenuation in the earth at low frequencies",
    volume = "308",
    doi = "10.1098/rsta.1983.0016",
    pages = "479--522",
    number = "1504",
    journaltitle = "Philosophical Transactions of the Royal Society of London. Series A, Mathematical and Physical Sciences",
    shortjournal = "Philosophical Transactions of the Royal Society of London. Series A, Mathematical and Physical Sciences",
    date = "1983-02"
}

@article{roberts_geomagnetic_2008,
    author = "Roberts, Andrew P.",
    title = "Geomagnetic excursions: Knowns and unknowns",
    volume = "35",
    rights = "Copyright 2008 by the American Geophysical Union.",
    issn = "1944-8007",
    doi = "10.1029/2008GL034719",
    shorttitle = "Geomagnetic excursions",
    number = "17",
    journaltitle = "Geophysical Research Letters",
    date = "2008"
}

@article{lognonne_seis_2019,
    author = "Lognonné, P. and Banerdt, W. B. and Giardini, D. and Pike, W. T. and Christensen, U. and Laudet, P. and de Raucourt, S. and Zweifel, P. and Calcutt, S. and Bierwirth, M. and Hurst, K. J. and Ijpelaan, F. and Umland, J. W. and Llorca-Cejudo, R. and Larson, S. A. and Garcia, R. F. and Kedar, S. and Knapmeyer-Endrun, B. and Mimoun, D. and Mocquet, A. and Panning, M. P. and Weber, R. C. and Sylvestre-Baron, A. and Pont, G. and Verdier, N. and Kerjean, L. and Facto, L. J. and Gharakanian, V. and Feldman, J. E. and Hoffman, T. L. and Klein, D. B. and Klein, K. and Onufer, N. P. and Paredes-Garcia, J. and Petkov, M. P. and Willis, J. R. and Smrekar, S. E. and Drilleau, M. and Gabsi, T. and Nebut, T. and Robert, O. and Tillier, S. and Moreau, C. and Parise, M. and Aveni, G. and Ben Charef, S. and Bennour, Y. and Camus, T. and Dandonneau, P. A. and Desfoux, C. and Lecomte, B. and Pot, O. and Revuz, P. and Mance, D. and {tenPierick}, J. and Bowles, N. E. and Charalambous, C. and Delahunty, A. K. and Hurley, J. and Irshad, R. and Liu, Huafeng and Mukherjee, A. G. and Standley, I. M. and Stott, A. E. and Temple, J. and Warren, T. and Eberhardt, M. and Kramer, A. and Kühne, W. and Miettinen, E.-P. and Monecke, M. and Aicardi, C. and André, M. and Baroukh, J. and Borrien, A. and Bouisset, A. and Boutte, P. and Brethomé, K. and Brysbaert, C. and Carlier, T. and Deleuze, M. and Desmarres, J. M. and Dilhan, D. and Doucet, C. and Faye, D. and Faye-Refalo, N. and Gonzalez, R. and Imbert, C. and Larigauderie, C. and Locatelli, E. and Luno, L. and Meyer, J.-R. and Mialhe, F. and Mouret, J. M. and Nonon, M. and Pahn, Y. and Paillet, A. and Pasquier, P. and Perez, G. and Perez, R. and Perrin, L. and Pouilloux, B. and Rosak, A. and Savin de Larclause, I. and Sicre, J. and Sodki, M. and Toulemont, N. and Vella, B. and Yana, C. and Alibay, F. and Avalos, O. M. and Balzer, M. A. and Bhandari, P. and Blanco, E. and Bone, B. D. and Bousman, J. C. and Bruneau, P. and Calef, F. J. and Calvet, R. J. and D’Agostino, S. A. and de los Santos, G. and Deen, R. G. and Denise, R. W. and Ervin, J. and Ferraro, N. W. and Gengl, H. E. and Grinblat, F. and Hernandez, D. and Hetzel, M. and Johnson, M. E. and Khachikyan, L. and Lin, J. Y. and Madzunkov, S. M. and Marshall, S. L. and Mikellides, I. G. and Miller, E. A. and Raff, W. and Singer, J. E. and Sunday, C. M. and Villalvazo, J. F. and Wallace, M. C. and Banfield, D. and Rodriguez-Manfredi, J. A. and Russell, C. T. and Trebi-Ollennu, A. and Maki, J. N. and Beucler, E. and Böse, M. and Bonjour, C. and Berenguer, J. L. and Ceylan, S. and Clinton, J. and Conejero, V. and Daubar, I. and Dehant, V. and Delage, P. and Euchner, F. and Estève, I. and Fayon, L. and Ferraioli, L. and Johnson, C. L. and Gagnepain-Beyneix, J. and Golombek, M. and Khan, A. and Kawamura, T. and Kenda, B. and Labrot, P. and Murdoch, N. and Pardo, C. and Perrin, C. and Pou, L. and Sauron, A. and Savoie, D. and Stähler, S. and Stutzmann, E. and Teanby, N. A. and Tromp, J. and van Driel, M. and Wieczorek, M. and Widmer-Schnidrig, R. and Wookey, J.",
    title = "{SEIS}: Insight’s Seismic Experiment for Internal Structure of Mars",
    volume = "215",
    issn = "1572-9672",
    doi = "10.1007/s11214-018-0574-6",
    shorttitle = "{SEIS}",
    pages = "12",
    number = "1",
    journaltitle = "Space Science Reviews",
    shortjournal = "Space Sci Rev",
    date = "2019-01"
}

@article{antonangeli_elastic_2006,
    author = "Antonangeli, Daniele and Merkel, Sébastien and Farber, Daniel L.",
    title = "Elastic anisotropy in hcp metals at high pressure and the sound wave anisotropy of the Earth's inner core",
    volume = "33",
    rights = "Copyright 2006 by the American Geophysical Union.",
    issn = "1944-8007",
    doi = "10.1029/2006GL028237",
    number = "24",
    journaltitle = "Geophysical Research Letters",
    date = "2006"
}

@article{alterman_oscillations_1959,
    author = "Alterman, Z. and Jarosch, H. and Pekeris, C. L. and Jeffreys, Harold",
    title = "Oscillations of the earth",
    volume = "252",
    doi = "10.1098/rspa.1959.0138",
    pages = "80--95",
    number = "1268",
    journaltitle = "Proceedings of the Royal Society of London. Series A. Mathematical and Physical Sciences",
    date = "1959-09"
}

@article{backus_possible_1965,
    author = "Backus, George E.",
    title = "Possible forms of seismic anisotropy of the uppermost mantle under oceans",
    volume = "70",
    issn = "2156-2202",
    doi = "10.1029/JZ070i014p03429",
    pages = "3429--3439",
    number = "14",
    journaltitle = "Journal of Geophysical Research (1896-1977)",
    date = "1965"
}

@article{benioff_excitation_1961,
    author = "Benioff, Hugo and Press, Frank and Smith, Stewart",
    title = "Excitation of the free oscillations of the Earth by earthquakes",
    volume = "66",
    issn = "2156-2202",
    doi = "10.1029/JZ066i002p00605",
    pages = "605--619",
    number = "2",
    journaltitle = "Journal of Geophysical Research (1896-1977)",
    date = "1961"
}

@article{crampin_review_1977,
    author = "Crampin, Stuart",
    title = "A review of the effects of anisotropic layering on the propagation of seismic waves",
    volume = "49",
    issn = "0956-540X",
    doi = "10.1111/j.1365-246X.1977.tb03698.x",
    pages = "9--27",
    number = "1",
    journaltitle = "Geophysical Journal International",
    shortjournal = "Geophysical Journal International",
    date = "1977-04"
}

@book{dahlen_theoretical_1998,
    author = "Dahlen, F. A. and Tromp, Jeroen",
    location = "Princeton, N.J",
    title = "Theoretical global seismology",
    isbn = "978-0-691-00116-6 978-0-691-00124-1",
    pagetotal = "1025",
    publisher = "Princeton University Press",
    date = "1998"
}

@article{kennett_radial_2020,
    author = "Kennett, B L N",
    title = "Radial earth models revisited",
    volume = "222",
    issn = "0956-540X",
    doi = "10.1093/gji/ggaa298",
    pages = "2189--2204",
    number = "3",
    journaltitle = "Geophysical Journal International",
    shortjournal = "Geophysical Journal International",
    date = "2020-09"
}

@article{montagner_how_1996,
    author = "Montagner, J.-P. and Kennett, B. L. N.",
    title = "How to reconcile body-wave and normal-mode reference earth models",
    volume = "125",
    issn = "0956540X, 1365246X",
    doi = "10.1111/j.1365-246X.1996.tb06548.x",
    pages = "229--248",
    number = "1",
    journaltitle = "Geophysical Journal International",
    date = "1996-04"
}

@article{li_frequency-dependent_2002,
    author = "Li, Xu and Cormier, Vernon F.",
    title = "Frequency-dependent seismic attenuation in the inner core, 1. A viscoelastic interpretation",
    volume = "107",
    issn = "2156-2202",
    doi = "10.1029/2002JB001795",
    pages = "ESE 13--1--ESE 13--20",
    issue = "B12",
    journaltitle = "Journal of Geophysical Research: Solid Earth",
    date = "2002"
}

@article{nissen-meyer_axisem_2014,
    author = "Nissen-Meyer, T. and van Driel, M. and Stähler, S. C. and Hosseini, K. and Hempel, S. and Auer, L. and Colombi, A. and Fournier, A.",
    title = "{AxiSEM}: broadband 3-D seismic wavefields in axisymmetric media",
    volume = "5",
    issn = "1869-9510",
    doi = "10.5194/se-5-425-2014",
    shorttitle = "{AxiSEM}",
    pages = "425--445",
    number = "1",
    journaltitle = "Solid Earth",
    date = "2014-06"
}

@article{pejic_transdimensional_2019,
    author = "Pejić, Tanja and Hawkins, Rhys and Sambridge, Malcolm and Tkalčić, Hrvoje",
    title = "Transdimensional Bayesian Attenuation Tomography of the Upper Inner Core",
    volume = "124",
    issn = "2169-9356",
    doi = "10.1029/2018JB016400",
    pages = "1929--1943",
    number = "2",
    journaltitle = "Journal of Geophysical Research: Solid Earth",
    date = "2019"
}

@article{pejic_attenuation_2017,
    author = "Pejić, Tanja and Tkalčić, Hrvoje and Sambridge, Malcolm and Cormier, Vernon F. and Benavente, Roberto",
    title = "Attenuation tomography of the upper inner core",
    volume = "122",
    issn = "2169-9356",
    doi = "10.1002/2016JB013692",
    pages = "3008--3032",
    number = "4",
    journaltitle = "Journal of Geophysical Research: Solid Earth",
    date = "2017"
}

@incollection{romanowicz_125_2015,
    author = "Romanowicz, B. A. and Mitchell, B. J.",
    editor = "Schubert, Gerald",
    location = "Oxford",
    title = "1.25 - Deep Earth Structure: Q of the Earth from Crust to Core",
    isbn = "978-0-444-53803-1",
    shorttitle = "1.25 - Deep Earth Structure",
    pages = "789--827",
    booktitle = "Treatise on Geophysics (Second Edition)",
    publisher = "Elsevier",
    date = "2015-01",
    doi = "10.1016/B978-0-444-53802-4.00021-X"
}

@book{shearer_introduction_2009,
    author = "Shearer, Peter M.",
    location = "Cambridge",
    edition = "2",
    title = "Introduction to Seismology",
    isbn = "978-0-511-84155-2",
    publisher = "Cambridge University Press",
    date = "2009",
    doi = "10.1017/CBO9780511841552"
}

@incollection{souriau_123_2015,
    author = "Souriau, A. and Calvet, M.",
    editor = "Schubert, Gerald",
    location = "Oxford",
    title = "1.23 - Deep Earth Structure: The Earth’s Cores",
    isbn = "978-0-444-53803-1",
    shorttitle = "1.23 - Deep Earth Structure",
    pages = "725--757",
    booktitle = "Treatise on Geophysics (Second Edition)",
    publisher = "Elsevier",
    date = "2015-01",
    doi = "10.1016/B978-0-444-53802-4.00020-8"
}

@article{tkalcic_large_2010,
    author = "Tkalčić, Hrvoje",
    title = "Large variations in travel times of mantle-sensitive seismic waves from the South Sandwich Islands: Is the Earth's inner core a conglomerate of anisotropic domains?",
    volume = "37",
    issn = "1944-8007",
    doi = "10.1029/2010GL043841",
    shorttitle = "Large variations in travel times of mantle-sensitive seismic waves from the South Sandwich Islands",
    number = "14",
    journaltitle = "Geophysical Research Letters",
    date = "2010"
}

@article{hirose_composition_2013,
    author = "Hirose, Kei and Labrosse, Stéphane and Hernlund, John",
    title = "Composition and State of the Core",
    volume = "41",
    issn = "0084-6597, 1545-4495",
    doi = "10.1146/annurev-earth-050212-124007",
    pages = "657--691",
    number = "1",
    journaltitle = "Annual Review of Earth and Planetary Sciences",
    shortjournal = "Annu. Rev. Earth Planet. Sci.",
    date = "2013-05"
}

@book{kennett_exploiting_2021,
    author = "Kennett, B. L. N and Fichtner, Andreas",
    title = "Exploiting seismic waveforms correlations, heterogeneity and inversion",
    isbn = "978-1-108-90303-5",
    date = "2021"
}

@incollection{gupta_seismic_2020,
    author = "Cormier, Vernon F.",
    editor = "Gupta, Harsh K.",
    location = "Cham",
    title = "Seismic Viscoelastic Attenuation",
    isbn = "978-3-030-10475-7",
    pages = "1--14",
    booktitle = "Encyclopedia of Solid Earth Geophysics",
    publisher = "Springer International Publishing",
    date = "2020",
    doi = "10.1007/978-3-030-10475-7\_55-1"
}

@article{de_wit_bayesian_2014,
    author = "de Wit, R.W.L. and Käufl, P.J. and Valentine, A.P. and Trampert, J.",
    title = "Bayesian inversion of free oscillations for Earth’s radial (an)elastic structure",
    volume = "237",
    issn = "00319201",
    doi = "10.1016/j.pepi.2014.09.004",
    pages = "1--17",
    journaltitle = "Physics of the Earth and Planetary Interiors",
    shortjournal = "Physics of the Earth and Planetary Interiors",
    date = "2014-12"
}

@article{jeanloz_convection_1988,
    author = "Jeanloz, Raymond and Wenk, Hans-Rudolf",
    title = "Convection and anisotropy of the inner core",
    volume = "15",
    issn = "1944-8007",
    doi = "10.1029/GL015i001p00072",
    pages = "72--75",
    number = "1",
    journaltitle = "Geophysical Research Letters",
    date = "1988"
}

@incollection{sumita_812_2015,
    author = "Sumita, I. and Bergman, M.",
    editor = "Schubert, Gerald",
    location = "Oxford",
    title = "8.12 - Inner Core Dynamics",
    isbn = "978-0-444-53803-1",
    pages = "297--316",
    booktitle = "Treatise on Geophysics (Second Edition)",
    publisher = "Elsevier",
    date = "2015-01",
    doi = "10.1016/B978-0-444-53802-4.00143-3"
}

@article{fischer_axial_2015,
    author = "Fischer, Rebecca A. and Campbell, Andrew J.",
    title = "The axial ratio of hcp Fe and Fe–Ni–Si alloys to the conditions of Earth’s inner core",
    volume = "100",
    issn = "0003-004X",
    doi = "10.2138/am-2015-5191",
    pages = "2718--2724",
    number = "11",
    journaltitle = "American Mineralogist",
    shortjournal = "American Mineralogist",
    date = "2015-11"
}

@book{karato_deformation_2008,
    author = "Karato, Shun-ichiro",
    location = "Cambridge",
    title = "Deformation of Earth Materials: An Introduction to the Rheology of Solid Earth",
    isbn = "978-0-511-80489-2",
    shorttitle = "Deformation of Earth Materials",
    publisher = "Cambridge University Press",
    date = "2008",
    doi = "10.1017/CBO9780511804892"
}

@article{mao_phase_2006,
    author = "Mao, Wendy L. and Campbell, Andrew J. and Heinz, Dion L. and Shen, Guoyin",
    title = "Phase relations of Fe–Ni alloys at high pressure and temperature",
    volume = "155",
    issn = "0031-9201",
    doi = "10.1016/j.pepi.2005.11.002",
    pages = "146--151",
    number = "1",
    journaltitle = "Physics of the Earth and Planetary Interiors",
    shortjournal = "Physics of the Earth and Planetary Interiors",
    date = "2006-04"
}

@article{singh_presence_2000,
    author = "Singh, S. C. and Taylor, M. a. J. and Montagner, J. P.",
    title = "On the Presence of Liquid in Earth's Inner Core",
    volume = "287",
    issn = "0036-8075, 1095-9203",
    doi = "10.1126/science.287.5462.2471",
    pages = "2471--2474",
    number = "5462",
    journaltitle = "Science",
    date = "2000-03",
    pmid = "10741963"
}

@article{kennett_spiralarm_2015,
    author = "Kennett, B. L. N. and Stipčević, J. and Gorbatov, A.",
    title = "Spiral‐Arm Seismic Arrays",
    volume = "105",
    issn = "0037-1106",
    doi = "10.1785/0120140354",
    pages = "2109--2116",
    number = "4",
    journaltitle = "Bulletin of the Seismological Society of America",
    shortjournal = "Bulletin of the Seismological Society of America",
    date = "2015-07"
}

@article{stipcevic_simultaneous_2017,
    author = "Stipčević, J. and Kennett, B. L. N. and Tkalčić, H.",
    title = "Simultaneous use of multiple seismic arrays",
    volume = "209",
    issn = "0956-540X",
    doi = "10.1093/gji/ggx027",
    pages = "770--783",
    number = "2",
    journaltitle = "Geophysical Journal International",
    shortjournal = "Geophys J Int",
    date = "2017-05"
}

@incollection{dehant_origin_2003,
    author = "Romanowicz, B. and Tkalčić, H. and Bréger, L.",
    editor = "Dehant, Véronique and Creager, Kenneth C. and Karato, Shun‐ichiro and Zatman, Stephen",
    location = "Washington, D. C.",
    title = "On the origin of complexity in {PKP} travel time data",
    volume = "31",
    isbn = "978-0-87590-533-4",
    pages = "31--44",
    booktitle = "Geodynamics Series",
    publisher = "American Geophysical Union",
    date = "2003",
    doi = "10.1029/GD031p0031"
}

@article{huang_high-resolution_2015,
    author = "Huang, Hsin-Hua and Lin, Fan-Chi and Tsai, Victor C. and Koper, Keith D.",
    title = "High-resolution probing of inner core structure with seismic interferometry",
    volume = "42",
    issn = "1944-8007",
    doi = "10.1002/2015GL066390",
    pages = "10,622--10,630",
    number = "24",
    journaltitle = "Geophysical Research Letters",
    date = "2015"
}

@article{souriau_is_2003,
    author = "Souriau, Annie and Teste, Alexandra and Chevrot, Sébastien",
    title = "Is there any structure inside the liquid outer core?",
    volume = "30",
    issn = "1944-8007",
    doi = "10.1029/2003GL017008",
    number = "11",
    journaltitle = "Geophysical Research Letters",
    date = "2003"
}

@article{stahler_seismic_2021,
    author = "Stähler, Simon C. and Khan, Amir and Banerdt, W. Bruce and Lognonné, Philippe and Giardini, Domenico and Ceylan, Savas and Drilleau, Mélanie and Duran, A. Cecilia and Garcia, Raphaël F. and Huang, Quancheng and Kim, Doyeon and Lekic, Vedran and Samuel, Henri and Schimmel, Martin and Schmerr, Nicholas and Sollberger, David and Stutzmann, Éléonore and Xu, Zongbo and Antonangeli, Daniele and Charalambous, Constantinos and Davis, Paul M. and Irving, Jessica C. E. and Kawamura, Taichi and Knapmeyer, Martin and Maguire, Ross and Marusiak, Angela G. and Panning, Mark P. and Perrin, Clément and Plesa, Ana-Catalina and Rivoldini, Attilio and Schmelzbach, Cédric and Zenhäusern, Géraldine and Beucler, Éric and Clinton, John and Dahmen, Nikolaj and van Driel, Martin and Gudkova, Tamara and Horleston, Anna and Pike, W. Thomas and Plasman, Matthieu and Smrekar, Suzanne E.",
    title = "Seismic detection of the martian core",
    volume = "373",
    issn = "0036-8075, 1095-9203",
    doi = "10.1126/science.abi7730",
    pages = "443--448",
    number = "6553",
    journaltitle = "Science",
    shortjournal = "Science",
    date = "2021-07"
}

@article{nunn_lunar_2020,
    author = "Nunn, Ceri and Garcia, Raphael F. and Nakamura, Yosio and Marusiak, Angela G. and Kawamura, Taichi and Sun, Daoyuan and Margerin, Ludovic and Weber, Renee and Drilleau, Mélanie and Wieczorek, Mark A. and Khan, Amir and Rivoldini, Attilio and Lognonné, Philippe and Zhu, Peimin",
    title = "Lunar seismology: a data and instrumentation review",
    volume = "216",
    issn = "0038-6308, 1572-9672",
    doi = "10.1007/s11214-020-00709-3",
    shorttitle = "Lunar Seismology",
    pages = "89",
    number = "5",
    journaltitle = "Space Science Reviews",
    shortjournal = "Space Sci Rev",
    date = "2020-08"
}

@article{sens-schonfelder_lack_2015,
    author = "Sens-Schönfelder, Christoph and Snieder, Roel and Stähler, Simon C.",
    title = "The lack of equipartitioning in global body wave coda",
    volume = "42",
    issn = "1944-8007",
    doi = "10.1002/2015GL065108",
    pages = "7483--7489",
    number = "18",
    journaltitle = "Geophysical Research Letters",
    date = "2015"
}

@article{poli_analysis_2017,
    author = "Poli, Piero and Campillo, Michel and de Hoop, Maarten",
    title = "Analysis of intermediate period correlations of coda from deep earthquakes",
    volume = "477",
    issn = "0012821X",
    doi = "10.1016/j.epsl.2017.08.026",
    pages = "147--155",
    journaltitle = "Earth and Planetary Science Letters",
    shortjournal = "Earth and Planetary Science Letters",
    date = "2017-11"
}

@article{wang_shear-wave_2021,
    author = "Wang, Sheng and Tkalčić, Hrvoje",
    title = "Shear-wave anisotropy in the Earth's inner core",
    volume = "48",
    issn = "1944-8007",
    doi = "10.1029/2021GL094784",
    pages = "e2021GL094784",
    number = "19",
    journaltitle = "Geophysical Research Letters",
    date = "2021"
}

@article{lin_extracting_2013,
    author = "Lin, Fan-Chi and Tsai, Victor C. and Schmandt, Brandon and Duputel, Zacharie and Zhan, Zhongwen",
    title = "Extracting seismic core phases with array interferometry",
    volume = "40",
    issn = "1944-8007",
    doi = "10.1002/grl.50237",
    pages = "1049--1053",
    number = "6",
    journaltitle = "Geophysical Research Letters",
    date = "2013"
}

@article{lin_seismic_2013,
    author = "Lin, Fan-Chi and Tsai, Victor C.",
    title = "Seismic interferometry with antipodal station pairs",
    volume = "40",
    issn = "1944-8007",
    doi = "10.1002/grl.50907",
    pages = "4609--4613",
    number = "17",
    journaltitle = "Geophysical Research Letters",
    date = "2013"
}

@article{masse_neic_1989,
    author = "Masse, R.P. and Needham, R.E.",
    title = "{NEIC} - the National Earthquake Information Center",
    volume = "21",
    pages = "4--44",
    number = "1",
    journaltitle = "Earthquakes \\& Volcanoes ({USGS})",
    date = "1989"
}

@article{campillo_long-range_2003,
    author = "Campillo, Michel and Paul, Anne",
    title = "Long-range correlations in the diffuse seismic coda",
    volume = "299",
    doi = "10.1126/science.1078551",
    pages = "547--549",
    number = "5606",
    journaltitle = "Science",
    date = "2003-01"
}

@article{shapiro_high-resolution_2005,
    author = "Shapiro, Nikolai M. and Campillo, Michel and Stehly, Laurent and Ritzwoller, Michael H.",
    title = "High-resolution surface-wave tomography from ambient seismic noise",
    volume = "307",
    issn = "0036-8075, 1095-9203",
    doi = "10.1126/science.1108339",
    pages = "1615--1618",
    number = "5715",
    journaltitle = "Science",
    shortjournal = "Science",
    date = "2005-03"
}

@article{bensen_processing_2007,
    author = "Bensen, G. D. and Ritzwoller, M. H. and Barmin, M. P. and Levshin, A. L. and Lin, F. and Moschetti, M. P. and Shapiro, N. M. and Yang, Y.",
    title = "Processing seismic ambient noise data to obtain reliable broad-band surface wave dispersion measurements",
    volume = "169",
    issn = "0956-540X",
    doi = "10.1111/j.1365-246X.2007.03374.x",
    pages = "1239--1260",
    number = "3",
    journaltitle = "Geophysical Journal International",
    shortjournal = "Geophysical Journal International",
    date = "2007-06"
}

@article{snieder_extracting_2004,
    author = "Snieder, Roel",
    title = "Extracting the Green’s function from the correlation of coda waves: a derivation based on stationary phase",
    volume = "69",
    issn = "1539-3755, 1550-2376",
    doi = "10.1103/PhysRevE.69.046610",
    shorttitle = "Extracting the Green’s function from the correlation of coda waves",
    pages = "046610",
    number = "4",
    journaltitle = "Physical Review E",
    shortjournal = "Phys. Rev. E",
    date = "2004-04"
}

@article{wapenaar_tutorial_2010,
    author = "Wapenaar, Kees and Draganov, Deyan and Snieder, Roel and Campman, Xander and Verdel, Arie",
    title = "Tutorial on seismic interferometry: Part 1 — Basic principles and applications",
    volume = "75",
    issn = "0016-8033, 1942-2156",
    doi = "10.1190/1.3457445",
    shorttitle = "Tutorial on seismic interferometry",
    pages = "75A195--75A209",
    number = "5",
    journaltitle = "Geophysics",
    shortjournal = "{GEOPHYSICS}",
    date = "2010-09"
}

@article{boue_reverberations_2014,
    author = "Boué, P. and Poli, P. and Campillo, M. and Roux, P. and A, B",
    title = "Reverberations, coda waves and ambient noise: Correlations at the global scale and retrieval of the deep phases",
    volume = "391",
    issn = "0012821X",
    doi = "10.1016/j.epsl.2014.01.047",
    shorttitle = "Reverberations, coda waves and ambient noise",
    pages = "137--145",
    journaltitle = "Earth and Planetary Science Letters",
    shortjournal = "Earth and Planetary Science Letters",
    date = "2014-04"
}

@article{bensen_broadband_2008,
    author = "Bensen, G. D. and Ritzwoller, M. H. and Shapiro, N. M.",
    title = "Broadband ambient noise surface wave tomography across the United States",
    volume = "113",
    issn = "0148-0227",
    doi = "10.1029/2007JB005248",
    pages = "B05306",
    issue = "B5",
    journaltitle = "Journal of Geophysical Research",
    shortjournal = "J. Geophys. Res.",
    date = "2008-05"
}

@article{lin_ambient_2007,
    author = "Lin, Fan-Chi and Ritzwoller, Michael H. and Townend, John and Bannister, Stephen and Savage, Martha K.",
    title = "Ambient noise Rayleigh wave tomography of New Zealand",
    volume = "170",
    issn = "0956540X, 1365246X",
    doi = "10.1111/j.1365-246X.2007.03414.x",
    pages = "649--666",
    number = "2",
    journaltitle = "Geophysical Journal International",
    date = "2007-08"
}

@article{yao_surface-wave_2006,
    author = "Yao, Huajian and van der Hilst, Robert D. and de Hoop, Maarten V.",
    title = "Surface-wave array tomography in {SE} Tibet from ambient seismic noise and two-station analysis - I. Phase velocity maps",
    volume = "166",
    issn = "0956540X, 1365246X",
    doi = "10.1111/j.1365-246X.2006.03028.x",
    pages = "732--744",
    number = "2",
    journaltitle = "Geophysical Journal International",
    date = "2006-08"
}

@article{zhan_retrieval_2010,
    author = "Zhan, Zhongwen and Ni, Sidao and Helmberger, Don V. and Clayton, Robert W.",
    title = "Retrieval of Moho-reflected shear wave arrivals from ambient seismic noise",
    issn = "0956540X, 1365246X",
    doi = "10.1111/j.1365-246X.2010.04625.x",
    shorttitle = "Retrieval of Moho-reflected shear wave arrivals from ambient seismic noise",
    pages = "no--no",
    journaltitle = "Geophysical Journal International",
    date = "2010-05"
}

@article{poli_imaging_2015,
    author = "Poli, P. and Thomas, C. and Campillo, M. and Pedersen, Helle A.",
    title = "Imaging the D'' reflector with noise correlations",
    volume = "42",
    issn = "00948276",
    doi = "10.1002/2014GL062198",
    shorttitle = "Imaging the D'' reflector with noise correlations",
    pages = "60--65",
    number = "1",
    journaltitle = "Geophysical Research Letters",
    shortjournal = "Geophys. Res. Lett.",
    date = "2015-01"
}

@article{boue_teleseismic_2013,
    author = "Boué, P. and Poli, P. and Campillo, M. and Pedersen, H. and Briand, X. and Roux, P.",
    title = "Teleseismic correlations of ambient seismic noise for deep global imaging of the Earth",
    volume = "194",
    issn = "1365-246X, 0956-540X",
    doi = "10.1093/gji/ggt160",
    pages = "844--848",
    number = "2",
    journaltitle = "Geophysical Journal International",
    date = "2013-08"
}

@misc{albuquerque_seismological_laboratoryusgs_global_1988,
    author = "Laboratory/{USGS}, Albuquerque Seismological",
    title = "Global Seismograph Network - {IRIS}/{USGS}",
    publisher = "International Federation of Digital Seismograph Networks",
    date = "1988",
    doi = "10.7914/SN/IU"
}

@article{ma_ccrem_2021,
    author = "Ma, Xiaolong and Tkalčić, Hrvoje",
    title = "{CCREM}: new reference Earth model from the global coda-correlation wavefield",
    volume = "126",
    issn = "2169-9356",
    shorttitle = "{CCREM}",
    number = "9",
    journaltitle = "Journal of Geophysical Research: Solid Earth",
    date = "2021"
}

@article{maeda_constituents_2006,
    author = "Maeda, Takuto and Sato, Haruo and Ohtake, Masakazu",
    title = "Constituents of vertical-component coda waves at long periods",
    volume = "163",
    issn = "0033-4553, 1420-9136",
    doi = "10.1007/s00024-005-0031-9",
    pages = "549--566",
    number = "2",
    journaltitle = "Pure and Applied Geophysics",
    shortjournal = "Pure appl. geophys.",
    date = "2006-03"
}

@article{moschetti_surface_2007,
    author = "Moschetti, M. P. and Ritzwoller, M. H. and Shapiro, N. M.",
    title = "Surface wave tomography of the western United States from ambient seismic noise: Rayleigh wave group velocity maps: U.S. {SURFACE} {WAVE} {TOMOGRAPHY}",
    volume = "8",
    issn = "15252027",
    doi = "10.1029/2007GC001655",
    shorttitle = "Surface wave tomography of the western United States from ambient seismic noise",
    pages = "n/a--n/a",
    number = "8",
    journaltitle = "Geochemistry, Geophysics, Geosystems",
    shortjournal = "Geochem. Geophys. Geosyst.",
    date = "2007-08"
}

@article{pedersen_body_2018,
    author = "Pedersen, Ha and Colombi, A",
    title = "Body waves from a single source area observed in noise correlations at arrival times of reflections from the 410 discontinuity",
    volume = "214",
    issn = "0956-540X, 1365-246X",
    doi = "10.1093/gji/ggy191",
    pages = "1125--1135",
    number = "2",
    journaltitle = "Geophysical Journal International",
    date = "2018-08"
}

@article{ruigrok_global-scale_2008,
    author = "Ruigrok, Elmer and Draganov, Deyan and Wapenaar, Kees",
    title = "Global-scale seismic interferometry: theory and numerical examples",
    volume = "56",
    issn = "0016-8025, 1365-2478",
    doi = "10.1111/j.1365-2478.2008.00697.x",
    shorttitle = "Global-scale seismic interferometry",
    pages = "395--417",
    number = "3",
    journaltitle = "Geophysical Prospecting",
    shortjournal = "Geophys Prospect",
    date = "2008-05"
}

@article{sager_towards_2018,
    author = "Sager, Korbinian and Ermert, Laura and Boehm, Christian and Fichtner, Andreas",
    title = "Towards full waveform ambient noise inversion",
    volume = "212",
    issn = "0956-540X, 1365-246X",
    doi = "10.1093/gji/ggx429",
    pages = "566--590",
    number = "1",
    journaltitle = "Geophysical Journal International",
    date = "2018-01"
}

@article{martins_imaging_2019,
    author = "Martins, J. E. and Ruigrok, E. and Draganov, D. and Hooper, A. and Hanssen, R. F. and White, R. S. and Soosalu, H.",
    title = "Imaging Torfajökull's magmatic plumbing system with seismic interferometry and phase velocity surface wave tomography",
    volume = "124",
    issn = "2169-9356",
    doi = "10.1029/2018JB016002",
    pages = "2920--2940",
    number = "3",
    journaltitle = "Journal of Geophysical Research: Solid Earth",
    date = "2019"
}

@article{yeh_shear-wave_2013,
    author = "Yeh, Yu-Lien and Wen, Strong and Lee, Kung-Jer and Chen, Chau-Huei",
    title = "Shear-wave velocity model of the Chukuo fault zone, Southwest Taiwan, from cross correlation of seismic ambient noise",
    volume = "75",
    issn = "13679120",
    doi = "10.1016/j.jseaes.2013.07.023",
    pages = "174--182",
    journaltitle = "Journal of Asian Earth Sciences",
    shortjournal = "Journal of Asian Earth Sciences",
    date = "2013-10"
}

@article{tang_lithosphere_2013,
    author = "Tang, Youcai and Chen, Y. John and Zhou, Shiyong and Ning, Jieyuan and Ding, Zhifeng",
    title = "Lithosphere structure and thickness beneath the North China Craton from joint inversion of ambient noise and surface wave tomography",
    volume = "118",
    issn = "2169-9356",
    doi = "10.1002/jgrb.50191",
    pages = "2333--2346",
    number = "5",
    journaltitle = "Journal of Geophysical Research: Solid Earth",
    date = "2013"
}

@article{yang_crustal_2011,
    author = "Yang, Yingjie and Ritzwoller, Michael H. and Jones, Craig H.",
    title = "Crustal structure determined from ambient noise tomography near the magmatic centers of the Coso region, southeastern California",
    volume = "12",
    issn = "1525-2027",
    doi = "10.1029/2010GC003362",
    number = "2",
    journaltitle = "Geochemistry, Geophysics, Geosystems",
    date = "2011"
}

@article{yang_rayleigh_2010,
    author = "Yang, Yingjie and Zheng, Yong and Chen, John and Zhou, Shiyong and Celyan, Savas and Sandvol, Eric and Tilmann, Frederik and Priestley, Keith and Hearn, Thomas M. and Ni, James F. and Brown, Larry D. and Ritzwoller, Michael H.",
    title = "Rayleigh wave phase velocity maps of Tibet and the surrounding regions from ambient seismic noise tomography",
    volume = "11",
    issn = "1525-2027",
    doi = "10.1029/2010GC003119",
    number = "8",
    journaltitle = "Geochemistry, Geophysics, Geosystems",
    date = "2010"
}

@article{yang_characteristics_2008,
    author = "Yang, Yingjie and Ritzwoller, Michael H.",
    title = "Characteristics of ambient seismic noise as a source for surface wave tomography",
    volume = "9",
    issn = "1525-2027",
    doi = "10.1029/2007GC001814",
    number = "2",
    journaltitle = "Geochemistry, Geophysics, Geosystems",
    date = "2008"
}

@article{lognonne_constraints_2020,
    author = "Lognonné, P. and Banerdt, W. B. and Pike, W. T. and Giardini, D. and Christensen, U. and Garcia, R. F. and Kawamura, T. and Kedar, S. and Knapmeyer-Endrun, B. and Margerin, L. and Nimmo, F. and Panning, M. and Tauzin, B. and Scholz, J.-R. and Antonangeli, D. and Barkaoui, S. and Beucler, E. and Bissig, F. and Brinkman, N. and Calvet, M. and Ceylan, S. and Charalambous, C. and Davis, P. and van Driel, M. and Drilleau, M. and Fayon, L. and Joshi, R. and Kenda, B. and Khan, A. and Knapmeyer, M. and Lekic, V. and {McClean}, J. and Mimoun, D. and Murdoch, N. and Pan, L. and Perrin, C. and Pinot, B. and Pou, L. and Menina, S. and Rodriguez, S. and Schmelzbach, C. and Schmerr, N. and Sollberger, D. and Spiga, A. and Stähler, S. and Stott, A. and Stutzmann, E. and Tharimena, S. and Widmer-Schnidrig, R. and Andersson, F. and Ansan, V. and Beghein, C. and Böse, M. and Bozdag, E. and Clinton, J. and Daubar, I. and Delage, P. and Fuji, N. and Golombek, M. and Grott, M. and Horleston, A. and Hurst, K. and Irving, J. and Jacob, A. and Knollenberg, J. and Krasner, S. and Krause, C. and Lorenz, R. and Michaut, C. and Myhill, R. and Nissen-Meyer, T. and ten Pierick, J. and Plesa, A.-C. and Quantin-Nataf, C. and Robertsson, J. and Rochas, L. and Schimmel, M. and Smrekar, S. and Spohn, T. and Teanby, N. and Tromp, J. and Vallade, J. and Verdier, N. and Vrettos, C. and Weber, R. and Banfield, D. and Barrett, E. and Bierwirth, M. and Calcutt, S. and Compaire, N. and Johnson, C. L. and Mance, D. and Euchner, F. and Kerjean, L. and Mainsant, G. and Mocquet, A. and Rodriguez Manfredi, J. A. and Pont, G. and Laudet, P. and Nebut, T. and de Raucourt, S. and Robert, O. and Russell, C. T. and Sylvestre-Baron, A. and Tillier, S. and Warren, T. and Wieczorek, M. and Yana, C. and Zweifel, P.",
    title = "Constraints on the shallow elastic and anelastic structure of Mars from {InSight} seismic data",
    volume = "13",
    rights = "2020 The Author(s), under exclusive licence to Springer Nature Limited",
    issn = "1752-0908",
    doi = "10.1038/s41561-020-0536-y",
    pages = "213--220",
    number = "3",
    journaltitle = "Nature Geoscience",
    shortjournal = "Nat. Geosci.",
    date = "2020-03"
}

@article{lognonne_new_2003,
    author = "Lognonné, Philippe and Gagnepain-Beyneix, Jeannine and Chenet, Hugues",
    title = "A new seismic model of the Moon: implications for structure, thermal evolution and formation of the Moon",
    volume = "211",
    issn = "0012-821X",
    doi = "10.1016/S0012-821X(03)00172-9",
    shorttitle = "A new seismic model of the Moon",
    pages = "27--44",
    number = "1",
    journaltitle = "Earth and Planetary Science Letters",
    shortjournal = "Earth and Planetary Science Letters",
    date = "2003-06"
}

@article{lobkis_emergence_2001,
    author = "Lobkis, Oleg I. and Weaver, Richard L.",
    title = "On the emergence of the Green’s function in the correlations of a diffuse field",
    volume = "110",
    issn = "0001-4966",
    doi = "10.1121/1.1417528",
    pages = "3011--3017",
    number = "6",
    journaltitle = "The Journal of the Acoustical Society of America",
    shortjournal = "The Journal of the Acoustical Society of America",
    date = "2001-12"
}

@article{wang_equatorial_2015,
    author = "Wang, Tao and Song, Xiaodong and Xia, Han H.",
    title = "Equatorial anisotropy in the inner part of Earth’s inner core from autocorrelation of earthquake coda",
    volume = "8",
    rights = "2014 Nature Publishing Group",
    issn = "1752-0908",
    doi = "10.1038/ngeo2354",
    pages = "224--227",
    number = "3",
    journaltitle = "Nature Geoscience",
    shortjournal = "Nature Geosci",
    date = "2015-03"
}

@article{nakata_body_2015,
    author = "Nakata, Nori and Chang, Jason P. and Lawrence, Jesse F. and Boué, Pierre",
    title = "Body wave extraction and tomography at Long Beach, California, with ambient-noise interferometry",
    volume = "120",
    issn = "2169-9356",
    doi = "10.1002/2015JB011870",
    pages = "1159--1173",
    number = "2",
    journaltitle = "Journal of Geophysical Research: Solid Earth",
    date = "2015"
}

@article{saengduean_inter-source_2021,
    author = "Saengduean, Patipan and Moschetti, Morgan P. and Snieder, Roel",
    title = "Inter-Source Interferometry of Seismic Body Waves: Required Conditions and Examples",
    volume = "178",
    issn = "1420-9136",
    doi = "10.1007/s00024-021-02814-y",
    shorttitle = "Inter-Source Interferometry of Seismic Body Waves",
    pages = "3441--3460",
    number = "9",
    journaltitle = "Pure and Applied Geophysics",
    shortjournal = "Pure Appl. Geophys.",
    date = "2021-09"
}

@article{shirzad_crustal_2019,
    author = "Shirzad, Taghi and Riahi, Mohammad-Ali and Assumpção, Marcelo S.",
    title = "Crustal Structure of the Collision-Subduction Zone in South of Iran Using Virtual Seismometers",
    volume = "9",
    rights = "2019 The Author(s)",
    issn = "2045-2322",
    doi = "10.1038/s41598-019-47430-y",
    pages = "10851",
    number = "1",
    journaltitle = "Scientific Reports",
    shortjournal = "Sci Rep",
    date = "2019-07"
}

@article{eulenfeld_toward_2020,
    author = "Eulenfeld, Tom",
    title = "Toward Source Region Tomography With Intersource Interferometry: Shear Wave Velocity From 2018 West Bohemia Swarm Earthquakes",
    volume = "125",
    issn = "2169-9356",
    doi = "10.1029/2020JB019931",
    shorttitle = "Toward Source Region Tomography With Intersource Interferometry",
    pages = "e2020JB019931",
    number = "9",
    journaltitle = "Journal of Geophysical Research: Solid Earth",
    date = "2020"
}

@article{poliannikov_interferometric_2012,
    author = "Poliannikov, Oleg V. and Rondenay, Stéphane and Chen, Ling",
    title = "Interferometric imaging of the underside of a subducting crust",
    volume = "189",
    issn = "0956-540X",
    doi = "10.1111/j.1365-246X.2012.05389.x",
    pages = "681--690",
    number = "1",
    journaltitle = "Geophysical Journal International",
    shortjournal = "Geophysical Journal International",
    date = "2012-04"
}

@article{liu_retrieving_2016,
    author = "Liu, Yi and Draganov, Deyan and Wapenaar, Kees and Arntsen, Børge",
    title = "Retrieving virtual reflection responses at drill-bit positions using seismic interferometry with drill-bit noise: Retrieving reflection responses using {SI}",
    volume = "64",
    issn = "00168025",
    doi = "10.1111/1365-2478.12292",
    shorttitle = "Retrieving virtual reflection responses at drill-bit positions using seismic interferometry with drill-bit noise",
    pages = "348--360",
    number = "2",
    journaltitle = "Geophysical Prospecting",
    shortjournal = "Geophysical Prospecting",
    date = "2016-03"
}

@inproceedings{morency_virtual_2017,
    author = "Morency, C. and Matzel, E.",
    title = "Virtual seismometers for induced seismicity monitoring and full moment tensor inversion.",
    series = "5: 1-5",
    eventtitle = "Proceedings of 42nd Workshop on Geothermal Reservoir Engineering",
    date = "2017"
}

@article{curtis_benefit_2012,
    author = "Curtis, Andrew and Behr, Yannik and Entwistle, Elizabeth and Galetti, Erica and Townend, John and Bannister, Stephen",
    title = "The benefit of hindsight in observational science: Retrospective seismological observations",
    volume = "345-348",
    issn = "0012821X",
    doi = "10.1016/j.epsl.2012.06.008",
    shorttitle = "The benefit of hindsight in observational science",
    pages = "212--220",
    journaltitle = "Earth and Planetary Science Letters",
    shortjournal = "Earth and Planetary Science Letters",
    date = "2012-09"
}

@article{nowack_virtual_2018,
    author = "Nowack, Robert L. and Kiraz, Mert Sinan Recep",
    title = "Virtual Green’s Functions Using Seismic Interferometry and Marchenko Redatuming",
    volume = "89",
    issn = "0895-0695",
    doi = "10.1785/0220170211",
    pages = "613--619",
    number = "2",
    journaltitle = "Seismological Research Letters",
    shortjournal = "Seismological Research Letters",
    date = "2018-01"
}

@thesis{loer_source-receiver_2015,
    author = "Löer, Katrin",
    title = "Source-receiver wavefield interferometry in scattering media",
    type = "phdthesis",
    date = "2015-11"
}

@article{sun_new_2016,
    author = "Sun, Li and Zhang, Miao and Wen, Lianxing",
    title = "A new method for high-resolution event relocation and application to the aftershocks of Lushan Earthquake, China",
    volume = "121",
    issn = "2169-9356",
    doi = "10.1002/2016JB012840",
    pages = "2539--2559",
    number = "4",
    journaltitle = "Journal of Geophysical Research: Solid Earth",
    date = "2016"
}

@article{lammlein_lunar_1974,
    author = "Lammlein, David R. and Latham, Gary V. and Dorman, James and Nakamura, Yosio and Ewing, Maurice",
    title = "Lunar seismicity, structure, and tectonics",
    volume = "12",
    issn = "1944-9208",
    doi = "10.1029/RG012i001p00001",
    pages = "1--21",
    number = "1",
    journaltitle = "Reviews of Geophysics",
    date = "1974"
}

@article{weber_seismic_2011,
    author = "Weber, Renee C. and Lin, Pei-Ying and Garnero, Edward J. and Williams, Quentin and Lognonné, Philippe",
    title = "Seismic Detection of the Lunar Core",
    volume = "331",
    issn = "0036-8075, 1095-9203",
    doi = "10.1126/science.1199375",
    pages = "309--312",
    number = "6015",
    journaltitle = "Science",
    shortjournal = "Science",
    date = "2011-01"
}

@article{clinton_marsquake_2018,
    author = "Clinton, J. and Giardini, D. and Böse, M. and Ceylan, S. and van Driel, M. and Euchner, F. and Garcia, R. F. and Kedar, S. and Khan, A. and Stähler, S. C. and Banerdt, B. and Lognonne, P. and Beucler, E. and Daubar, I. and Drilleau, M. and Golombek, M. and Kawamura, T. and Knapmeyer, M. and Knapmeyer-Endrun, B. and Mimoun, D. and Mocquet, A. and Panning, M. and Perrin, C. and Teanby, N. A.",
    title = "The Marsquake Service: Securing Daily Analysis of {SEIS} Data and Building the Martian Seismicity Catalogue for {InSight}",
    volume = "214",
    issn = "1572-9672",
    doi = "10.1007/s11214-018-0567-5",
    shorttitle = "The Marsquake Service",
    pages = "133",
    number = "8",
    journaltitle = "Space Science Reviews",
    shortjournal = "Space Sci Rev",
    date = "2018-12"
}

@article{van_der_hilst_evidence_1997,
    author = "van der Hilst, R. D. and Widiyantoro, S. and Engdahl, E. R.",
    title = "Evidence for deep mantle circulation from global tomography",
    volume = "386",
    rights = "1997 Nature Publishing Group",
    issn = "1476-4687",
    doi = "10.1038/386578a0",
    pages = "578--584",
    number = "6625",
    journaltitle = "Nature",
    date = "1997-04"
}

@article{lay_coremantle_1998,
    author = "Lay, Thorne and Williams, Quentin and Garnero, Edward J.",
    title = "The core–mantle boundary layer and deep Earth dynamics",
    volume = "392",
    rights = "1998 Macmillan Magazines Ltd.",
    issn = "1476-4687",
    doi = "10.1038/33083",
    pages = "461--468",
    number = "6675",
    journaltitle = "Nature",
    date = "1998-04"
}

@article{dziewonski_mapping_1984,
    author = "Dziewonski, Adam M.",
    title = "Mapping the lower mantle: Determination of lateral heterogeneity in P velocity up to degree and order 6",
    volume = "89",
    issn = "2156-2202",
    doi = "10.1029/JB089iB07p05929",
    shorttitle = "Mapping the lower mantle",
    pages = "5929--5952",
    issue = "B7",
    journaltitle = "Journal of Geophysical Research: Solid Earth",
    date = "1984"
}

@article{carlson_mechanisms_1994,
    author = "Carlson, Richard W.",
    title = "Mechanisms of Earth differentiation: Consequences for the chemical structure of the mantle",
    volume = "32",
    issn = "1944-9208",
    doi = "10.1029/94RG01874",
    shorttitle = "Mechanisms of Earth differentiation",
    pages = "337--361",
    number = "4",
    journaltitle = "Reviews of Geophysics",
    date = "1994"
}

@article{sleep_hotspot_1992,
    author = "Sleep, Norman H.",
    title = "Hotspot Volcanism and Mantle Plumes",
    volume = "20",
    doi = "10.1146/annurev.ea.20.050192.000315",
    pages = "19--43",
    number = "1",
    journaltitle = "Annual Review of Earth and Planetary Sciences",
    date = "1992"
}

@article{wang_deformation_2012,
    author = "Wang, Kelin and Hu, Yan and He, Jiangheng",
    title = "Deformation cycles of subduction earthquakes in a viscoelastic Earth",
    volume = "484",
    rights = "2012 Nature Publishing Group, a division of Macmillan Publishers Limited. All Rights Reserved.",
    issn = "1476-4687",
    doi = "10.1038/nature11032",
    pages = "327--332",
    number = "7394",
    journaltitle = "Nature",
    date = "2012-04"
}

@article{walter_early_2004,
    author = "Walter, Michael J. and Trønnes, Reidar G.",
    title = "Early Earth differentiation",
    volume = "225",
    issn = "0012-821X",
    doi = "10.1016/j.epsl.2004.07.008",
    pages = "253--269",
    number = "3",
    journaltitle = "Earth and Planetary Science Letters",
    shortjournal = "Earth and Planetary Science Letters",
    date = "2004-09"
}

@book{kennett_exploiting_2020,
    author = "Kennett, Brian and Fichtner, Andreas",
    edition = "1",
    title = "Exploiting Seismic Waveforms: Correlation, Heterogeneity and Inversion",
    isbn = "978-1-108-90303-5 978-1-108-83074-4 978-1-108-82878-9",
    shorttitle = "Exploiting Seismic Waveforms",
    publisher = "Cambridge University Press",
    date = "2020-11",
    doi = "10.1017/9781108903035"
}

@article{oldham_constitution_1906,
    author = "Oldham, Richard Dixon",
    title = "The Constitution of the Interior of the Earth, as Revealed by Earthquakes",
    volume = "62",
    rights = "© 1906 The Geological Society, London",
    issn = "0370-291X",
    doi = "10.1144/GSL.JGS.1906.062.01-04.21",
    pages = "456--475",
    number = "1",
    journaltitle = "Quarterly Journal of the Geological Society",
    date = "1906-02"
}

@article{lin_surface_2008,
    author = "Lin, Fan-Chi and Moschetti, Morgan P. and Ritzwoller, Michael H.",
    title = "Surface wave tomography of the western United States from ambient seismic noise: Rayleigh and Love wave phase velocity maps",
    volume = "173",
    issn = "0956-540X",
    doi = "10.1111/j.1365-246X.2008.03720.x",
    shorttitle = "Surface wave tomography of the western United States from ambient seismic noise",
    pages = "281--298",
    number = "1",
    journaltitle = "Geophysical Journal International",
    shortjournal = "Geophysical Journal International",
    date = "2008-04"
}

@article{xia_extraction_2016,
    author = "Xia, Han H. and Song, Xiaodong and Wang, Tao",
    title = "Extraction of triplicated {PKP} phases from noise correlations",
    volume = "205",
    issn = "0956-540X",
    doi = "10.1093/gji/ggw015",
    pages = "499--508",
    number = "1",
    journaltitle = "Geophysical Journal International",
    shortjournal = "Geophysical Journal International",
    date = "2016-04"
}

@article{kennett_evolution_2018,
    author = "Kennett, B. L. N. and Phạm, Thanh-Son",
    title = "Evolution of the correlation wavefield extracted from seismic event coda",
    volume = "282",
    issn = "0031-9201",
    doi = "10.1016/j.pepi.2018.07.004",
    pages = "100--109",
    journaltitle = "Physics of the Earth and Planetary Interiors",
    shortjournal = "Physics of the Earth and Planetary Interiors",
    date = "2018-09"
}

@book{aki_quantitative_2009,
    author = "Aki, Keiiti and Richards, Paul G.",
    location = "Mill Valley, Calif",
    edition = "2. ed., corr. print",
    title = "Quantitative seismology",
    isbn = "978-1-891389-63-4",
    pagetotal = "700",
    publisher = "Univ. Science Books",
    date = "2009"
}

@article{young_core-mantle_1987,
    author = "Young, C J and Lay, T",
    title = "The Core-Mantle Boundary",
    volume = "15",
    doi = "10.1146/annurev.ea.15.050187.000325",
    pages = "25--46",
    number = "1",
    journaltitle = "Annual Review of Earth and Planetary Sciences",
    date = "1987"
}

@article{loper_core-mantle_1995,
    author = "Loper, David E. and Lay, Thorne",
    title = "The core-mantle boundary region",
    volume = "100",
    issn = "2156-2202",
    doi = "10.1029/94JB02048",
    pages = "6397--6420",
    issue = "B4",
    journaltitle = "Journal of Geophysical Research: Solid Earth",
    date = "1995"
}

@article{doornbos_models_1989,
    author = "Doornbos, D. J. and Hilton, T.",
    title = "Models of the core-mantle boundary and the travel times of internally reflected core phases",
    volume = "94",
    issn = "2156-2202",
    doi = "10.1029/JB094iB11p15741",
    pages = "15741--15751",
    issue = "B11",
    journaltitle = "Journal of Geophysical Research: Solid Earth",
    date = "1989"
}

@article{khan_geophysical_2018,
    author = "Khan, A. and Liebske, C. and Rozel, A. and Rivoldini, A. and Nimmo, F. and Connolly, J. a. D. and Plesa, A.-C. and Giardini, D.",
    title = "A Geophysical Perspective on the Bulk Composition of Mars",
    volume = "123",
    issn = "2169-9100",
    doi = "10.1002/2017JE005371",
    pages = "575--611",
    number = "2",
    journaltitle = "Journal of Geophysical Research: Planets",
    date = "2018"
}

@article{knapmeyer_working_2006,
    author = "Knapmeyer, M. and Oberst, J. and Hauber, E. and Wählisch, M. and Deuchler, C. and Wagner, R.",
    title = "Working models for spatial distribution and level of Mars' seismicity",
    volume = "111",
    issn = "2156-2202",
    issue = "E11",
    journaltitle = "Journal of Geophysical Research: Planets",
    date = "2006"
}

@article{plesa_present-day_2018,
    author = "Plesa, A.-C. and Knapmeyer, M. and Golombek, M. P. and Breuer, D. and Grott, M. and Kawamura, T. and Lognonné, P. and Tosi, N. and Weber, R. C.",
    title = "Present-Day Mars' Seismicity Predicted From 3-D Thermal Evolution Models of Interior Dynamics",
    volume = "45",
    issn = "1944-8007",
    doi = "10.1002/2017GL076124",
    pages = "2580--2589",
    number = "6",
    journaltitle = "Geophysical Research Letters",
    date = "2018"
}

@misc{insight_marsquake_service_mars_2022,
    author = "{InSight Marsquake Service}",
    title = "Mars Seismic Catalogue, {InSight} Mission; V10 2022-04-01",
    publisher = "{ETHZ}, {IPGP}, {JPL}, {ICL}, Univ. Bristol",
    editora = "Jet Propulsion Laboratory ({JPL}), California Institute Of Technology and Centre National D'Etudes Spatiales ({CNES}) and Swiss Federal Institute Of Technology Zurich ({ETHZ}) and {IPGP} Data Center and {IRIS} Data Services and Swiss Federal Institute Of Technology Zurich ({ETHZ}) and Clinton, John and Clinton, John and Ceylan, Savas and Charalambous, Constantinos and Dahmen, Nikolaj and Duran, Cecilia and Horleston, Anna and Kawamura, Taichi and Plasman, Matthieu and Stähler, Simon and Zenhäusern, Géraldine",
    editoratype = "collaborator",
    date = "2022",
    doi = "10.12686/A16"
}

@article{golombek_prediction_1992,
    author = "Golombek, Matthew P. and Banerdt, W. Bruce and Tanaka, Kenneth L. and Tralli, David M.",
    title = "A Prediction of Mars Seismicity from Surface Faulting",
    volume = "258",
    doi = "10.1126/science.258.5084.979",
    pages = "979--981",
    number = "5084",
    journaltitle = "Science",
    date = "1992-11"
}

@article{taylor_estimates_2013,
    author = "Taylor, J. and Teanby, N. A. and Wookey, J.",
    title = "Estimates of seismic activity in the Cerberus Fossae region of Mars",
    volume = "118",
    issn = "2169-9100",
    doi = "10.1002/2013JE004469",
    pages = "2570--2581",
    number = "12",
    journaltitle = "Journal of Geophysical Research: Planets",
    date = "2013"
}

@article{bertka_density_1998,
    author = "Bertka, Constance M. and Fei, Yingwei",
    title = "Density profile of an {SNC} model Martian interior and the moment-of-inertia factor of Mars",
    volume = "157",
    issn = "0012-821X",
    doi = "10.1016/S0012-821X(98)00030-2",
    pages = "79--88",
    number = "1",
    journaltitle = "Earth and Planetary Science Letters",
    shortjournal = "Earth and Planetary Science Letters",
    date = "1998-04"
}

@article{smith_mars_2001,
    author = "Smith, David E. and Zuber, Maria T. and Frey, Herbert V. and Garvin, James B. and Head, James W. and Muhleman, Duane O. and Pettengill, Gordon H. and Phillips, Roger J. and Solomon, Sean C. and Zwally, H. Jay and Banerdt, W. Bruce and Duxbury, Thomas C. and Golombek, Matthew P. and Lemoine, Frank G. and Neumann, Gregory A. and Rowlands, David D. and Aharonson, Oded and Ford, Peter G. and Ivanov, Anton B. and Johnson, Catherine L. and {McGovern}, Patrick J. and Abshire, James B. and Afzal, Robert S. and Sun, Xiaoli",
    title = "Mars Orbiter Laser Altimeter: Experiment summary after the first year of global mapping of Mars",
    volume = "106",
    issn = "2156-2202",
    doi = "10.1029/2000JE001364",
    shorttitle = "Mars Orbiter Laser Altimeter",
    pages = "23689--23722",
    issue = "E10",
    journaltitle = "Journal of Geophysical Research: Planets",
    date = "2001"
}

@misc{insight_mars_seis_data_service_seis_2019,
    author = "{InSight Mars SEIS Data Service}",
    title = "{SEIS} raw data, Insight Mission. {IPGP}, {JPL}, {CNES}, {ETHZ}, {ICL}, {MPS}, {ISAE}-Supaero, {LPG}, {MFSC}",
    date = "2019"
}

@article{vaucher_morphologies_2009,
    author = "Vaucher, J. and Baratoux, D. and Toplis, M. J. and Pinet, P. and Mangold, N. and Kurita, K.",
    title = "The morphologies of volcanic landforms at Central Elysium Planitia: Evidence for recent and fluid lavas on Mars",
    volume = "200",
    issn = "0019-1035",
    doi = "10.1016/j.icarus.2008.11.005",
    shorttitle = "The morphologies of volcanic landforms at Central Elysium Planitia",
    pages = "39--51",
    number = "1",
    journaltitle = "Icarus",
    shortjournal = "Icarus",
    date = "2009"
}

@article{storchak_rebuild_2020,
    author = "Storchak, Dmitry A. and Harris, James and Brown, Lonn and Lieser, Kathrin and Shumba, Blessing and Di Giacomo, Domenico",
    title = "Rebuild of the Bulletin of the International Seismological Centre ({ISC})—part 2: 1980–2010",
    volume = "7",
    issn = "2196-4092",
    doi = "10.1186/s40562-020-00164-6",
    shorttitle = "Rebuild of the Bulletin of the International Seismological Centre ({ISC})—part 2",
    pages = "18",
    number = "1",
    journaltitle = "Geoscience Letters",
    shortjournal = "Geoscience Letters",
    date = "2020"
}

@article{anderson_primary_2001,
    author = "Anderson, Robert C. and Dohm, James M. and Golombek, Matthew P. and Haldemann, Albert F. C. and Franklin, Brenda J. and Tanaka, Kenneth L. and Lias, Juan and Peer, Brian",
    title = "Primary centers and secondary concentrations of tectonic activity through time in the western hemisphere of Mars",
    volume = "106",
    issn = "2156-2202",
    doi = "10.1029/2000JE001278",
    pages = "20563--20585",
    issue = "E9",
    journaltitle = "Journal of Geophysical Research: Planets",
    date = "2001"
}

@article{brinkman_first_2021,
    author = "Brinkman, Nienke and Stähler, Simon C. and Giardini, Domenico and Schmelzbach, Cédric and Khan, Amir and Jacob, Alice and Fuji, Nobuaki and Perrin, Clement and Lognonné, Philippe and Beucler, Eric and Böse, Maren and Ceylan, Savas and Charalambous, Constantinos and Clinton, John F. and van Driel, Martin and Euchner, Fabian and Horleston, Anna and Kawamura, Taichi and Knapmeyer-Endrun, Brigitte and Mainsant, Guenole and Panning, Mark P. and Pike, William T. and Scholz, John-Robert and Robertsson, Johan O. A. and Banerdt, William B.",
    title = "First Focal Mechanisms of Marsquakes",
    volume = "126",
    issn = "2169-9100",
    number = "4",
    journaltitle = "Journal of Geophysical Research: Planets",
    date = "2021"
}

@article{widiyantoro_structure_1996,
    author = "Widiyantoro, Sri and van der Hilst, Rob",
    title = "Structure and Evolution of Lithospheric Slab Beneath the Sunda Arc, Indonesia",
    volume = "271",
    issn = "0036-8075, 1095-9203",
    doi = "10.1126/science.271.5255.1566",
    pages = "1566--1570",
    number = "5255",
    journaltitle = "Science",
    shortjournal = "Science",
    date = "1996-03"
}

@article{ritsema_global_2004,
    author = "Ritsema, Jeroen and van Heijst, Hendrik Jan and Woodhouse, John H.",
    title = "Global transition zone tomography",
    volume = "109",
    issn = "2156-2202",
    issue = "B2",
    journaltitle = "Journal of Geophysical Research: Solid Earth",
    date = "2004"
}

@article{debayle_automatically_2016,
    author = "Debayle, Eric and Dubuffet, Fabien and Durand, Stéphanie",
    title = "An automatically updated S-wave model of the upper mantle and the depth extent of azimuthal anisotropy",
    volume = "43",
    issn = "1944-8007",
    doi = "10.1002/2015GL067329",
    pages = "674--682",
    number = "2",
    journaltitle = "Geophysical Research Letters",
    date = "2016"
}

@article{garnero_structure_2008,
    author = "Garnero, Edward J. and {McNamara}, Allen K.",
    title = "Structure and Dynamics of Earth's Lower Mantle",
    volume = "320",
    issn = "0036-8075, 1095-9203",
    doi = "10.1126/science.1148028",
    pages = "626--628",
    number = "5876",
    journaltitle = "Science",
    shortjournal = "Science",
    date = "2008-05"
}

@article{fichtner_collaborative_2018,
    author = "Fichtner, Andreas and van Herwaarden, Dirk-Philip and Afanasiev, Michael and Simutė, Saulė and Krischer, Lion and Çubuk-Sabuncu, Yeşim and Taymaz, Tuncay and Colli, Lorenzo and Saygin, Erdinc and Villaseñor, Antonio and Trampert, Jeannot and Cupillard, Paul and Bunge, Hans-Peter and Igel, Heiner",
    title = "The Collaborative Seismic Earth Model: Generation 1",
    volume = "45",
    issn = "1944-8007",
    doi = "10.1029/2018GL077338",
    shorttitle = "The Collaborative Seismic Earth Model",
    pages = "4007--4016",
    number = "9",
    journaltitle = "Geophysical Research Letters",
    date = "2018"
}

@article{aki_origin_1975,
    author = "Aki, Keiiti and Chouet, Bernard",
    title = "Origin of coda waves: Source, attenuation, and scattering effects",
    volume = "80",
    issn = "2156-2202",
    doi = "10.1029/JB080i023p03322",
    shorttitle = "Origin of coda waves",
    pages = "3322--3342",
    number = "23",
    journaltitle = "Journal of Geophysical Research (1896-1977)",
    date = "1975"
}

@article{calvet_traveltime_2005,
    author = "Calvet, Marie and Chevrot, Sébastien",
    title = "Traveltime sensitivity kernels for {PKP} phases in the mantle",
    volume = "153",
    issn = "0031-9201",
    doi = "10.1016/j.pepi.2005.06.014",
    series = "Studies of the Earth's Deep Interior",
    pages = "21--31",
    number = "1",
    journaltitle = "Physics of the Earth and Planetary Interiors",
    shortjournal = "Physics of the Earth and Planetary Interiors",
    date = "2005"
}

@article{dahlen_frechet_2000,
    author = "Dahlen, F. A. and Hung, S.-H. and Nolet, Guust",
    title = "Fréchet kernels for finite-frequency traveltimes—I. Theory",
    volume = "141",
    issn = "0956-540X",
    doi = "10.1046/j.1365-246X.2000.00070.x",
    pages = "157--174",
    number = "1",
    journaltitle = "Geophysical Journal International",
    shortjournal = "Geophysical Journal International",
    date = "2000"
}

@article{hung_frechet_2000,
    author = "Hung, S.-H. and Dahlen, F.A. and Nolet, Guust",
    title = "Fréchet kernels for finite-frequency {traveltimeséII}. Examples",
    volume = "141",
    issn = "0956-540X",
    doi = "10.1046/j.1365-246X.2000.00072.x",
    pages = "175--203",
    number = "1",
    journaltitle = "Geophysical Journal International",
    shortjournal = "Geophysical Journal International",
    date = "2000"
}

@article{kennett_multiscale_2016,
    author = "Kennett, B. L. N. and Furumura, T.",
    title = "Multiscale seismic heterogeneity in the continental lithosphere",
    volume = "17",
    issn = "1525-2027",
    doi = "10.1002/2015GC006200",
    pages = "791--809",
    number = "3",
    journaltitle = "Geochemistry, Geophysics, Geosystems",
    date = "2016"
}

@article{marquering_three-dimensional_1999,
    author = "Marquering, Henk and Dahlen, F.A. and Nolet, Guust",
    title = "Three-dimensional sensitivity kernels for finite-frequency traveltimes: the banana-doughnut paradox",
    volume = "137",
    issn = "0956-540X",
    doi = "10.1046/j.1365-246x.1999.00837.x",
    shorttitle = "Three-dimensional sensitivity kernels for finite-frequency traveltimes",
    pages = "805--815",
    number = "3",
    journaltitle = "Geophysical Journal International",
    shortjournal = "Geophysical Journal International",
    date = "1999"
}

@article{ruigrok_scanning_2012,
    author = "Ruigrok, Elmer and Mikesell, T. Dylan and van Wijk, Kasper",
    title = "Scanning for velocity anomalies in the crust and mantle with diffractions from the core-mantle boundary",
    volume = "39",
    issn = "1944-8007",
    doi = "10.1029/2012GL051443",
    number = "11",
    journaltitle = "Geophysical Research Letters",
    date = "2012"
}

@article{snieder_cancellation_2010,
    author = "Snieder, Roel and Fleury, Clement",
    title = "Cancellation of spurious arrivals in Green’s function retrieval of multiple scattered waves",
    volume = "128",
    issn = "0001-4966",
    doi = "10.1121/1.3483722",
    pages = "1598--1605",
    number = "4",
    journaltitle = "The Journal of the Acoustical Society of America",
    date = "2010"
}

@article{snieder_cancellation_2008,
    author = "Snieder, Roel and van Wijk, Kasper and Haney, Matt and Calvert, Rodney",
    title = "Cancellation of spurious arrivals in Green's function extraction and the generalized optical theorem",
    volume = "78",
    doi = "10.1103/PhysRevE.78.036606",
    pages = "036606",
    number = "3",
    journaltitle = "Physical Review E",
    shortjournal = "Phys. Rev. E",
    date = "2008"
}

@misc{scripps_institution_of_oceanography_global_1986,
    author = "of Oceanography, Scripps Institution",
    title = "Global Seismograph Network - {IRIS}/{IDA}",
    publisher = "International Federation of Digital Seismograph Networks",
    date = "1986",
    doi = "10.7914/SN/II"
}

@book{noauthor_parameter_2018,
    location = "Cambridge, {MA}",
    title = "Parameter estimation and inverse problems",
    isbn = "978-0-12-804651-7",
    publisher = "Elsevier",
    date = "2018"
}

@article{kanu_time-lapse_2015,
    author = "Kanu, Chinaemerem and Snieder, Roel",
    title = "Time-lapse imaging of a localized weak change with multiply scattered waves using numerical-based sensitivity kernel: {IMAGING} {OF} {LOCALIZED} {CHANGES}",
    volume = "120",
    issn = "21699313",
    doi = "10.1002/2015JB011871",
    shorttitle = "Time-lapse imaging of a localized weak change with multiply scattered waves using numerical-based sensitivity kernel",
    pages = "5595--5605",
    number = "8",
    journaltitle = "Journal of Geophysical Research: Solid Earth",
    shortjournal = "J. Geophys. Res. Solid Earth",
    date = "2015-08"
}

@article{kirsch_backus-gilbert_1988,
    author = "Kirsch, A. and Schomburg, B. and Berendt, G.",
    title = "The Backus-Gilbert method",
    volume = "4",
    issn = "0266-5611",
    doi = "10.1088/0266-5611/4/3/014",
    pages = "771--783",
    number = "3",
    journaltitle = "Inverse Problems",
    shortjournal = "Inverse Problems",
    date = "1988"
}

@article{komatitsch_high-order_2010,
    author = "Komatitsch, Dimitri and Erlebacher, Gordon and Göddeke, Dominik and Michéa, David",
    title = "High-order finite-element seismic wave propagation modeling with {MPI} on a large {GPU} cluster",
    volume = "229",
    issn = "00219991",
    doi = "10.1016/j.jcp.2010.06.024",
    pages = "7692--7714",
    number = "20",
    journaltitle = "Journal of Computational Physics",
    shortjournal = "Journal of Computational Physics",
    date = "2010-10"
}

@article{komatitsch_spectral-element_2002,
    author = "Komatitsch, Dimitri and Tromp, Jeroen",
    title = "Spectral-element simulations of global seismic wave propagation—I. Validation",
    volume = "149",
    issn = "0956-540X",
    doi = "10.1046/j.1365-246X.2002.01653.x",
    pages = "390--412",
    number = "2",
    journaltitle = "Geophysical Journal International",
    shortjournal = "Geophysical Journal International",
    date = "2002"
}

@article{snieder_theory_2006,
    author = "Snieder, Roel",
    title = "The Theory of Coda Wave Interferometry",
    volume = "163",
    issn = "1420-9136",
    doi = "10.1007/s00024-005-0026-6",
    pages = "455--473",
    number = "2",
    journaltitle = "pure and applied geophysics",
    shortjournal = "Pure appl. geophys.",
    date = "2006"
}

@article{snieder_seismic_2015,
    author = "Snieder, Roel and Sens-Schönfelder, Christoph",
    title = "Seismic interferometry and stationary phase at caustics",
    volume = "120",
    issn = "2169-9356",
    doi = "10.1002/2014JB011792",
    pages = "4333--4343",
    number = "6",
    journaltitle = "Journal of Geophysical Research: Solid Earth",
    date = "2015"
}

@article{song_seismic_1998,
    author = "Song, Xiaodong and Helmberger, Don V.",
    title = "Seismic Evidence for an Inner Core Transition Zone",
    volume = "282",
    doi = "10.1126/science.282.5390.924",
    pages = "924--927",
    number = "5390",
    journaltitle = "Science",
    date = "1998"
}

@article{su_planet_1996,
    author = "Su, Wei-jia and Dziewonski, Adam M. and Jeanloz, Raymond",
    title = "Planet Within a Planet: Rotation of the Inner Core of Earth",
    volume = "274",
    doi = "10.1126/science.274.5294.1883",
    shorttitle = "Planet Within a Planet",
    pages = "1883--1887",
    number = "5294",
    journaltitle = "Science",
    date = "1996"
}

@article{wang_support_2018,
    author = "Wang, Tao and Song, Xiaodong",
    title = "Support for equatorial anisotropy of Earth’s inner-inner core from seismic interferometry at low latitudes",
    volume = "276",
    issn = "00319201",
    doi = "10.1016/j.pepi.2017.03.004",
    pages = "247--257",
    journaltitle = "Physics of the Earth and Planetary Interiors",
    shortjournal = "Physics of the Earth and Planetary Interiors",
    date = "2018-03"
}

@article{wapenaar_tutorial_2010-1,
    author = "Wapenaar, Kees and Slob, Evert and Snieder, Roel and Curtis, Andrew",
    title = "Tutorial on seismic interferometry: Part 2 — Underlying theory and new advances",
    volume = "75",
    issn = "0016-8033, 1942-2156",
    doi = "10.1190/1.3463440",
    shorttitle = "Tutorial on seismic interferometry",
    pages = "75A211--75A227",
    number = "5",
    journaltitle = "Geophysics",
    shortjournal = "{GEOPHYSICS}",
    date = "2010-09"
}

@article{ishii_constraints_2005,
    author = "Ishii, Miaki and Dziewoński, Adam M.",
    title = "Constraints on the outer-core tangent cylinder using normal-mode splitting measurements",
    volume = "162",
    issn = "0956540X, 1365246X",
    doi = "10.1111/j.1365-246X.2005.02587.x",
    pages = "787--792",
    number = "3",
    journaltitle = "Geophysical Journal International",
    date = "2005-09"
}

@article{efron_statistical_1991,
    author = "Efron, Bradley and Tibshirani, Robert",
    title = "Statistical Data Analysis in the Computer Age",
    volume = "253",
    doi = "10.1126/science.253.5018.390",
    pages = "390--395",
    number = "5018",
    journaltitle = "Science",
    date = "1991"
}

@article{tkalvcic2022shear,
    author = "Tkal{\v{c}}i{\'c}, Hrvoje and Wang, Sheng and Phạm, Thanh-Son",
    title = "Shear Properties of Earth's Inner Core",
    journal = "Annual Review of Earth and Planetary Sciences",
    volume = "50",
    year = "2022",
    publisher = "Annual Reviews"
}

@article{wang2022inter-src,
    author = "Wang, Sheng and Tkal{\v{c}}i{\'c}, Hrvoje",
    title = "Scanning for Planetary Cores with Single-Receiver Inter-Source Correlations",
    journal = "Nature Astronomy, accepted",
    year = "2022"
}

@article{kennett2008stochastic,
    author = "Kennett, BLN and Furumura, Takahashi",
    title = "Stochastic waveguide in the lithosphere: Indonesian subduction zone to Australian craton",
    journal = "Geophysical Journal International",
    volume = "172",
    number = "1",
    pages = "363--382",
    year = "2008",
    publisher = "Blackwell Publishing Ltd"
}

@book{aster2018parameter,
    author = "Aster, Richard C and Borchers, Brian and Thurber, Clifford H",
    title = "Parameter estimation and inverse problems",
    year = "2018",
    publisher = "Elsevier"
}

@incollection{romanowicz2003origin,
    author = "Romanowicz, Barbara and Tkalcic, Hrvoje and Breger, Ludovic and others",
    title = "On the origin of complexity in PKP travel time data",
    booktitle = "Earth's core: Dynamics, structure, rotation",
    year = "2003",
    publisher = "American Geophysical Union"
}

@article{yoder2003fluid,
    author = "Yoder, CF and Konopliv, AS and Yuan, DN and Standish, EM and Folkner, WM",
    title = "Fluid core size of Mars from detection of the solar tide",
    journal = "Science",
    volume = "300",
    number = "5617",
    pages = "299--303",
    year = "2003",
    publisher = "American Association for the Advancement of Science"
}

@article{taylor2013bulk_geochemistry,
    author = "Taylor, G Jeffrey",
    title = "The bulk composition of Mars",
    journal = "Geochemistry",
    volume = "73",
    number = "4",
    pages = "401--420",
    year = "2013",
    publisher = "Elsevier"
}

@article{konopliv2020detection,
    author = "Konopliv, Alex S and Park, Ryan S and Rivoldini, Attilio and Baland, Rose-Marie and Le Maistre, Sebastien and Van Hoolst, Tim and Yseboodt, Marie and Dehant, Veronique",
    title = "Detection of the Chandler wobble of Mars from orbiting spacecraft",
    journal = "Geophysical Research Letters",
    volume = "47",
    number = "21",
    pages = "e2020GL090568",
    year = "2020",
    publisher = "Wiley Online Library"
}

@article{mcsween2000mixing,
    author = "McSween Jr, Harry Y and Keil, Klaus",
    title = "Mixing relationships in the Martian regolith and the composition of globally homogeneous dust",
    journal = "Geochimica et Cosmochimica Acta",
    volume = "64",
    number = "12",
    pages = "2155--2166",
    year = "2000",
    publisher = "Elsevier"
}

@article{yokoo_stratification_2022,
    author = "Yokoo, Shunpei and Hirose, Kei and Tagawa, Shoh and Morard, Guillaume and Ohishi, Yasuo",
    title = "Stratification in planetary cores by liquid immiscibility in Fe-S-H",
    volume = "13",
    rights = "2022 The Author(s)",
    issn = "2041-1723",
    doi = "10.1038/s41467-022-28274-z",
    pages = "644",
    number = "1",
    journaltitle = "Nature Communications",
    shortjournal = "Nat Commun",
    date = "2022-02"
}

@article{sun_repet_2022,
    author = "Sun, Weijia and Tkalčić, Hrvoje",
    title = "Repetitive marsquakes in Martian upper mantle",
    volume = "13",
    rights = "2022 The Author(s)",
    issn = "2041-1723",
    doi = "10.1038/s41467-022-29329-x",
    pages = "1695",
    number = "1",
    journaltitle = "Nature Communications",
    shortjournal = "Nat Commun",
    date = "2022-03"
}

@article{olson_core_2022,
    author = "Olson, Peter and Sharp, Zachary and Garai, Susmita",
    title = "Core segregation during pebble accretion",
    volume = "587",
    issn = "0012-821X",
    doi = "10.1016/j.epsl.2022.117537",
    pages = "117537",
    journaltitle = "Earth and Planetary Science Letters",
    shortjournal = "Earth and Planetary Science Letters",
    date = "2022-06"
}

@article{wood_accretion_2006,
    author = "Wood, Bernard J. and Walter, Michael J. and Wade, Jonathan",
    title = "Accretion of the Earth and segregation of its core",
    volume = "441",
    rights = "2006 Nature Publishing Group",
    issn = "1476-4687",
    doi = "10.1038/nature04763",
    pages = "825--833",
    number = "7095",
    journaltitle = "Nature",
    date = "2006-06"
}

@article{fernando_seismic_2022,
    author = "Fernando, Benjamin and Wójcicka, Natalia and Maguire, Ross and Stähler, Simon C. and Stott, Alexander E. and Ceylan, Savas and Charalambous, Constantinos and Clinton, John and Collins, Gareth S. and Dahmen, Nikolaj and Froment, Marouchka and Golombek, Matthew and Horleston, Anna and Karatekin, Ozgur and Kawamura, Taichi and Larmat, Carene and Nissen-Meyer, Tarje and Patel, Manish R. and Plasman, Matthieu and Posiolova, Lilya and Rolland, Lucie and Spiga, Aymeric and Teanby, Nicholas A. and Zenhäusern, Géraldine and Giardini, Domenico and Lognonné, Philippe and Banerdt, Bruce and Daubar, Ingrid J.",
    title = "Seismic constraints from a Mars impact experiment using {InSight} and Perseverance",
    volume = "6",
    rights = "2021 The Author(s)",
    issn = "2397-3366",
    doi = "10.1038/s41550-021-01502-0",
    pages = "59--64",
    number = "1",
    journaltitle = "Nature Astronomy",
    shortjournal = "Nat Astron",
    date = "2022-01"
}

@article{kim_potential_2021,
    author = "Kim, Doyeon and Davis, Paul and Lekić, Ved and Maguire, Ross and Compaire, Nicolas and Schimmel, Martin and Stutzmann, Eleonore and C. E. Irving, Jessica and Lognonné, Philippe and Scholz, John-Robert and Clinton, John and Zenhäusern, Géraldine and Dahmen, Nikolaj and Deng, Sizhuang and Levander, Alan and Panning, Mark P. and Garcia, Raphaël F. and Giardini, Domenico and Hurst, Ken and Knapmeyer-Endrun, Brigitte and Nimmo, Francis and Pike, W. Tom and Pou, Laurent and Schmerr, Nicholas and Stähler, Simon C. and Tauzin, Benoit and Widmer-Schnidrig, Rudolf and Banerdt, William B.",
    title = "Potential Pitfalls in the Analysis and Structural Interpretation of Seismic Data from the Mars \textit{{InSight}} Mission",
    volume = "111",
    issn = "0037-1106, 1943-3573",
    doi = "10.1785/0120210123",
    pages = "2982--3002",
    number = "6",
    journaltitle = "Bulletin of the Seismological Society of America",
    date = "2021-12"
}

@article{suemoto_temporal_2020,
    author = "Suemoto, Yudai and Ikeda, Tatsunori and Tsuji, Takeshi",
    title = "Temporal Variation and Frequency Dependence of Seismic Ambient Noise on Mars From Polarization Analysis",
    volume = "47",
    rights = "©2020. The Authors.",
    issn = "1944-8007",
    doi = "https://doi.org/10.1029/2020GL087123",
    pages = "e2020GL087123",
    number = "13",
    journaltitle = "Geophysical Research Letters",
    date = "2020"
}

@article{deng_autocorrelation_2020,
    author = "Deng, Sizhuang and Levander, Alan",
    title = "Autocorrelation Reflectivity of Mars",
    volume = "47",
    issn = "1944-8007",
    doi = "10.1029/2020GL089630",
    number = "16",
    journaltitle = "Geophysical Research Letters",
    date = "2020"
}
